2602 3816
505 195 535 271 1,
557 193 733 259 rua-178.

205 344 266 407 Ora
278 345 367 407 vides
380 345 511 409 Hecates
525 345 557 406 in
570 352 633 407 tras
644 347 793 407 vertentia
806 351 920 423 partes,

246 428 354 491 servet
366 437 400 492 ut
413 429 444 490 in
458 436 562 491 ternus
576 430 709 520 cumqita
721 436 807 490 secta
819 429 900 491 vias.

201 512 241 574 Et
250 511 339 585 mihi,
354 528 393 573 ne
407 511 489 573 flexu
504 513 784 589 cervicisetempera
796 512 933 589 perdere,

244 596 374 656 Cernere
389 603 546 659 neumate
561 610 691 672 carpere
707 597 780 657 bina
792 597 884 660 lieet?

134 689 187 744 145
201 678 335 739 Dixerat.
363 685 393 739 et
406 680 506 754 vultu„
524 680 553 741 si
566 681 655 755 unua
667 680 822 755 requirere
835 680 953 756 veliem,

244 761 403 823 Difficilem
416 763 489 825 mihi
502 778 539 823 se
553 779 615 825 non
628 765 695 824 iere
709 770 817 840 pactus
830 770 905 824 erat.

204 844 327 922 Sumpsi
341 846 489 922 animum,
507 853 671 922 gratesque
686 847 745 907 deu
759 847 956 909 nauterritus
973 847 1031 923 egi,

244 928 409 1006 Verbaque
423 944 490 991 suin
505 935 647 1005 spectans
664 945 763 1006 peuce
779 932 898 993 luemus
912 930 1048 991 humum:

203 1012 285 1086 iiic,
300 1028 372 1089 age,
388 1013 552 1088 frigoribus
567 1028 661 1088 quare
674 1030 773 1075 novus
787 1014 895 1091 incipit
905 1028 1016 1089 55555,

135 1106 187 1160 150
243 1095 298 1171 Qui
312 1096 419 1159 melius
435 1113 490 1172 per
503 1112 558 1156 ver
574 1096 766 1173 incipiendus
785 1104 872 1159 erati
912 1099 915 1115 '
1148 1152 1150 1159 .

206 1178 312 1243 Omnia
324 1188 395 1241 tunc
408 1177 532 1254 nerent,
552 1187 625 1241 tuuc
641 1188 689 1242 est
702 1196 785 1241 noun
796 1182 942 1257 tenporis
955 1189 1048 1256 aetas,

245 1263 283 1323 Et
296 1281 377 1326 nova
391 1263 430 1324 de
448 1264 574 1340 gravido
590 1264 713 1340 peimite
724 1279 846 1339 gemma
857 1272 965 1326 tumet:

204 1347 242 1408 Et
254 1347 348 1411 uredo
362 1348 498 1409 formatis
512 1348 647 1424 operitur
660 1347 818 1410 incudibus
833 1348 932 1422 arbor,

230 1508 233 1513 ἡ
245 1429 349 1492 Prodit
363 1437 394 1491 et
405 1431 437 1491 iu
451 1447 603 1492 summum
617 1430 741 1493 seminis
754 1431 851 1493 herba
864 1434 980 1494 seium:

137 1522 187 1579 155
199 1513 238 1575 Et
250 1515 385 1591 tepidum
398 1517 539 1576 volucres
554 1514 750 1575 concentibus
765 1518 837 1577 uera
850 1515 992 1591 mulcent,

247 1597 336 1659 Ludit
352 1598 426 1658 etin
445 1598 538 1673 pratis
552 1598 743 1674 luxuriatque
756 1614 863 1675 pecus.

205 1681 279 1747 'iiim
293 1682 395 1742 blandi
409 1683 507 1756 soles,
521 1682 686 1758 ignotaque
702 1682 804 1758 prodit
817 1680 946 1743 hirundo

247 1765 285 1825 Ει
298 1765 409 1826 luteum
425 1767 508 1827 ceise
521 1765 579 1828 sub
592 1765 680 1826 trube
691 1764 756 1841 figit
775 1782 871 1843 opusc

116 1846 121 1851 ’
207 1849 282 1911 Turn
297 1849 407 1925 pautur
422 1850 520 1911 cuitus
535 1865 607 1925 eger
625 1856 656 1910 et
667 1856 830 1911 renovetur
843 1853 960 1910 aratraz

137 1941 189 1998 160
242 1932 326 1993 Haec
339 1933 410 1993 anni
424 1933 546 1994 novitas·
558 1934 624 1994 iure
637 1934 778 1995 vocanda
791 1934 867 1996 init?

208 2014 403 2092 Quaesierum
416 2017 527 2078 multis.
555 2032 616 2078 uon
630 2018 730 2078 multis
744 2018 943 2089 iiiernorutus

250 2099 380 2161 Contulit
395 2100 426 2161 in
438 2116 549 2162 versus
562 2102 608 2161 sic
622 2116 680 2162 sua
693 2101 790 2162 verbu
802 2103 896 2163 duusa

207 2181 332 2244 ‘Bruma
345 2183 417 2245 novi
433 2184 530 2259 prima
544 2192 606 2257 est,
620 2185 794 2263 veterisque
809 2184 978 2247 novissime
991 2183 1081 2245 selis:

73 2290 84 2349 g
197 2289 202 2310 ι
248 2265 430 2342 Principium
443 2267 566 2343 capiunt
577 2268 719 2333 Phoebus
733 2277 764 2330 et
776 2285 873 2331 annus
887 2269 990 2329 idem?
1027 2310 1030 2317 -

139 2358 191 2416 165
203 2348 276 2413 Post
291 2364 329 2411 ea
341 2349 485 2424 mirabar,
500 2367 554 2411 cur
568 2368 629 2413 non
643 2353 711 2413 sine
726 2352 829 2415 litinus
846 2359 930 2414 esset

251 2433 349 2494 Prima
368 2433 444 2494 dies
472 2433 615 2496 ‘Causam
629 2437 754 2513 percipe
762 2441 782 2495 ι’
801 2438 893 2497 Ianus
912 2435 962 2496 nit.

209 2516 371 2595 ‘Tempora
384 2517 522 2579 commui
536 2520 693 2580 nascentia
704 2521 797 2581 rebus
810 2519 948 2596 agendis,

250 2601 343 2662 Tetus
356 2599 394 2661 ab
409 2602 546 2677 auspiciu
561 2618 600 2663 ne
614 2604 693 2665 feret
706 2619 803 2664 annus
817 2604 909 2663 iners.

210 2684 345 2760 Quisque
359 2700 432 2746 suas
446 2692 529 2748 artes
543 2685 582 2745 eb
597 2686 678 2747 idem
695 2686 809 2747 delibet
821 2684 950 2760 regende,

142 2774 192 2831 170
244 2770 306 2830 Nec
317 2770 389 2857 plus
404 2784 495 2842 quum
508 2768 629 2829 solitum
643 2770 819 2831 testificatur
832 2771 934 2843 upus.’

210 2850 282 2914 Mox
299 2866 371 2930 equ,
387 2852 472 2924 ‘Cur‚
489 2852 628 2927 quamvis
646 2854 773 2913 aliomur
786 2852 909 2911 numina
927 2852 1053 2926 placem,

252 2936 338 3012 que,
353 2936 406 2998 tibi
421 2935 549 3011 primunr
566 2942 634 2996 tura
646 2949 824 3010 merumque
837 2935 935 2995 ierot’

212 3016 263 3079 ‘Ut
276 3020 379 3095 possis
393 3019 506 3080 aditum
520 3034 655 3095 perne,
674 3019 726 3094 qui
739 3018 842 3080 limina
855 3034 955 3094 servo,

253 3101 305 3162 Ad
318 3118 528 3180 quoscumque
546 3102 647 3180 voles?
660 3102 757 3177 inquit
770 3102 896 3164 ‘habere
909 3103 1008 3165 deus?

144 3190 195 3248 175
207 3185 260 3246 ‘At
273 3200 326 3245 cur
337 3188 416 3249 iuetu
428 3187 488 3249 tuis
503 3186 641 3247 dicuntur
654 3185 749 3246 verba
761 3185 917 3260 Kalendis,

204 3300 208 3313 ‹
254 3267 292 3328 Et
305 3268 412 3332 damus
426 3273 558 3333 alternas
573 3270 801 3347 accipimusque
816 3284 924 3346 preces
930 3272 956 3328 i’

211 3353 287 3414 'ium
304 3352 381 3414 deus
394 3354 570 3416 incumbens
584 3353 708 3429 baculu,
723 3369 815 3431 quern
828 3353 935 3413 dextra
947 3349 1079 3428 gerebat

254 3435 376 3497 ‘Omina
386 3437 553 3514 principiis’
571 3438 668 3518 iuquit
680 3438 795 3501 ‘inesse
811 3439 919 3515 solent
