2598 3812
159 211 201 276 98
537 236 540 247 ν
591 204 739 270 lulors

202 370 237 426 to
287 359 325 421 m
341 358 430 421 sinite
444 356 557 434 optatis
572 358 696 435 pondus
711 359 814 418 inesse
829 357 916 418 maia

244 447 378 522 ipsaque
390 449 421 502 tu
436 441 546 516 Tellus,
569 443 670 518 ipsum
684 457 753 502 cum
766 440 909 502 fluctibus
924 455 1049 518 aequor,

285 529 357 604 Ipse
370 540 455 586 meas
469 526 574 586 aether
587 526 693 602 accipe
707 540 825 586 summe
840 540 965 600 process

245 611 418 686 Sideraque
431 617 462 669 ct
474 609 569 670 radiis
585 609 772 669 circumdata
785 609 862 669 solis
878 608 988 684 imago,

286 695 442 768 Lunaque,
466 706 544 768 quae
559 706 724 768 numquam
739 708 799 768 quo
814 694 908 768 prius,
931 692 1005 753 orbe
1018 694 1122 757 micas.

203 788 237 844 io
245 779 376 854 Noxque
388 775 580 837 tenebrarum
595 777 700 852 specie
712 775 882 836 reverenda
895 787 1022 850 tuarum,

287 862 433 936 Quaeque
446 865 544 920 ratum
558 860 669 934 tripiici
683 860 795 935 pollice
809 861 887 920 netis
902 875 990 936 opus,

245 947 362 1022 Quique
377 958 433 1020 per
446 943 580 1003 infernus
594 943 748 1004 horrendo
761 958 914 1004 murmure
927 943 1024 1004 vaiies

287 1028 491 1104 Inperiuratae
506 1027 617 1087 laberis
633 1026 730 1087 amnis
745 1034 852 1102 aquae,

246 1114 389 1188 Quasque
403 1111 502 1169 ierunt
515 1116 594 1171 torto
609 1110 723 1170 vittatis
738 1126 836 1185 angue
851 1110 969 1187 capillis

204 1204 240 1261 titi
293 1195 430 1256 Carceris
445 1193 594 1256 obscuras
610 1202 680 1254 ante
695 1193 804 1254 sedere
818 1196 911 1267 force,

245 1282 312 1342 Vos
327 1292 460 1353 quoque,
482 1277 571 1353 piebs
586 1293 739 1353 superum,
762 1277 844 1337 iauni
859 1279 1017 1356 satyrique
1031 1278 1174 1353 laresque

286 1362 483 1435 Fluminaque
499 1369 528 1421 et
540 1361 696 1440 nymphae
710 1360 938 1437 semideumque
952 1377 1058 1437 genus,

246 1445 385 1521 Denique
399 1445 437 1503 ab
452 1445 575 1520 antiquo
591 1445 652 1505 divi
667 1451 848 1520 veteresque
863 1445 997 1520 novique

288 1530 321 1589 In
336 1533 473 1589 nostrum
488 1529 587 1589 cuncti
601 1535 731 1604 tempus,
753 1528 868 1603 adeste,
891 1527 985 1588 chao!

206 1623 242 1678 85
254 1611 394 1673 Carmina
408 1612 480 1671 dum
495 1612 586 1688 capiti
600 1614 679 1672 maie
693 1612 756 1672 fido
771 1612 839 1672 dira
854 1618 1010 1687 canuntur,

288 1697 325 1756 Et
339 1701 490 1772 peragunt
504 1703 607 1770 partes
621 1697 668 1756 ira
681 1695 832 1770 dolorque
846 1710 935 1756 suase

247 1781 385 1841 Adnuite
400 1780 511 1856 optatis
527 1795 634 1839 omnes
650 1794 690 1838 ex
705 1779 812 1838 ordine
825 1780 948 1853 nostris,

288 1864 326 1924 Et
339 1879 411 1941 pars
426 1863 466 1923 sit
478 1864 542 1924 voti
558 1863 640 1922 nulia
657 1862 774 1922 caduca
787 1863 856 1926 mei.

248 1948 393 2023 Quaeque
409 1962 528 2022 precor,
551 1946 633 2005 fiant.
670 1952 777 2006 utnon
792 1962 860 2006 mea
876 1945 965 2022 dicta,
987 1945 1043 2006 scd
1056 1946 1108 2008 iiia

206 2039 242 2095 90
293 2029 461 2106 Pasiphaes
476 2031 580 2104 generi
594 2029 690 2100 verba
702 2028 799 2089 inisse
813 2037 905 2105 putet.

249 2116 394 2190 Quasque
409 2128 467 2187 ego
481 2113 631 2173 transiero
648 2128 775 2189 poenas,
799 2115 929 2190 patiatur
942 2121 972 2174 et
986 2113 1062 2172 ilias

183 2246 186 2255 .
289 2196 410 2257 Plenius
425 2196 545 2271 ingenio
562 2196 601 2255 sit
614 2196 707 2255 miser
722 2195 772 2255 iiie
786 2213 863 2258 meo.

105 2339 110 2348 ,
141 2345 151 2360 „
192 2302 194 2309 ·
248 2283 332 2341 Neve
346 2280 445 2339 minus
460 2287 591 2340 noceant
605 2280 708 2339 fictum
723 2281 895 2343 execrantia
910 2296 1019 2340 nomen

290 2366 379 2439 Vota,
401 2363 498 2423 minus
512 2379 640 2439 magnos
656 2372 906 2424 commoveantve
922 2365 1013 2424 deos=

208 2455 242 2510 95
252 2449 338 2509 ilium
353 2463 410 2522 ego
425 2448 575 2518 devoveo,
599 2462 689 2521 quem
702 2462 788 2508 mens
803 2448 948 2523 inteiligit,
970 2447 1044 2522 ibin,

292 2531 348 2605 Qui
362 2547 398 2591 sc
412 2531 469 2590 scit
482 2531 571 2591 factis
585 2530 643 2590 has
657 2532 807 2592 meruisse
822 2528 940 2615 preces.

249 2617 338 2675 Nulla
350 2631 436 2676 nrora
450 2622 497 2675 est
512 2615 541 2674 in
556 2630 614 2675 me.
647 2631 792 2690 peragam
806 2624 872 2676 rata
886 2624 957 2676 vota
971 2614 1127 2675 sacerdos.

293 2699 436 2774 Quisquis
451 2699 527 2758 ades
543 2699 648 2770 sacris,
672 2714 725 2759 ore
740 2700 848 2772 favete,
870 2702 957 2760 meis.

252 2782 395 2857 Quisquis
410 2782 486 2843 ades
501 2784 607 2854 sacris,
630 2783 769 2856 lugubria
784 2782 875 2843 dicite
888 2783 991 2854 verbu,

189 2871 240 2927 100
289 2865 327 2925 Et
341 2864 414 2925 fletu
427 2867 557 2927 madidis
571 2866 636 2926 Ibin
652 2865 733 2925 adite
747 2868 849 2941 genis:

251 2946 488 3023 Nominibusque
502 2950 591 3009 maiis
607 2949 799 3025 pedibusque
816 2947 961 3010 occurrite
975 2947 1080 3019 laevis,

292 3031 330 3091 Et
343 3032 446 3105 nigrae
461 3040 563 3093 vestes
578 3048 710 3108 corpora
722 3041 825 3093 vestra
839 3038 948 3107 tegant.

251 3116 296 3176 Tu
310 3130 442 3190 quoque,
467 3117 540 3189 quid
555 3116 675 3188 dubitas
691 3117 801 3176 ferales
818 3130 936 3177 sumere
950 3113 1063 3175 vittas?

276 3199 355 3258 ’Iam
370 3203 436 3273 stat,
457 3204 490 3257 ui
501 3199 572 3274 ipse
583 3200 682 3271 videS,
705 3200 818 3259 funeris
834 3214 887 3258 ara
902 3198 952 3259 tui.

191 3287 242 3345 los
252 3281 367 3357 Pompa
381 3288 487 3358 parata
500 3282 553 3342 tibi
569 3289 624 3342 est.
657 3283 737 3341 votis
751 3298 837 3342 mora
850 3282 985 3343 tristibus
1000 3283 1092 3342 absim

293 3365 338 3426 Da
352 3365 486 3440 iugulum
500 3365 611 3439 cultris,
633 3365 733 3425 hostia
748 3364 822 3439 dira,
843 3365 929 3425 meis.

251 3446 342 3509 Terra
354 3448 408 3509 tibi
423 3451 535 3524 fruges,
557 3449 655 3509 amnis
669 3446 721 3509 tibi
735 3447 867 3524 deneget
877 3449 986 3525 undas,
