2586 3820
190 202 254 268 uuo
421 288 425 299 Ι
576 199 830 265 rnsroaum

209 365 263 420 40⁰
316 352 460 432 Adgemit
473 351 599 415 Aloidas
612 353 860 430 Haemoniusque
877 367 963 429 puer.

274 439 346 516 Ipso
361 442 462 500 tamen
475 437 570 497 lectas
585 435 751 511 Pagasaeis
765 437 893 497 collibus
907 436 1021 497 herbas

315 523 487 599 Temperat,
507 525 538 579 et
550 535 630 580 vana
644 521 770 581 volnera
782 520 894 580 mulcet
912 535 982 595 ope.

271 606 364 666 Virus
378 605 459 666 edax
473 602 637 679 superabat
656 619 760 678 opem,
776 601 958 679 penitusque
971 607 1099 679 recepta

315 689 443 750 Ossibus
458 695 488 747 et
504 693 568 747 toto
583 702 712 761 corpore
726 687 822 761 pestis
838 693 912 745 erat.

209 781 261 836 405
275 771 430 848 Sanguine
444 770 583 832 centauri
596 769 750 830 Lernaeae
764 770 889 844 sanguis
906 768 1055 829 echidnae

313 856 426 917 Mixtus
440 854 480 914 ad
495 852 637 913 auxilium
651 860 789 929 tempora
805 853 887 913 nulla
900 851 1001 913 dabat

273 938 392 1014 Stabat,
410 944 444 999 ut
457 944 528 998 ante
542 943 673 1012 patrem,
692 937 823 996 iacrimis
842 937 984 1011 perinsus
998 933 1151 996 Achilles.

315 1022 367 1084 Sie
380 1020 503 1081 flendus
516 1019 640 1096 Peleus,
659 1019 686 1080 si
699 1026 881 1093 moreretur,
898 1026 972 1081 erat.

273 1105 375 1182 Saepe
390 1120 498 1165 manus
517 1119 626 1178 aegras
642 1105 781 1164 manibus
796 1102 928 1178 fingebat
941 1101 1095 1163 amieisa..

210 1198 263 1254 410
315 1189 450 1261 Morum,
464 1192 545 1264 'quos
560 1188 645 1261 iecit,
661 1186 796 1262 praemia
810 1186 919 1247 doctor
931 1185 1052 1245 habet...

273 1271 386 1336 Oscula
399 1286 494 1347 saepe
509 1270 602 1331 dedit
631 1270 707 1331 dixit
720 1285 845 1347 quoque
859 1284 954 1345 saepe
968 1268 1092 1330 iacentia

311 1358 417 1431 ‘Viva
436 1370 559 1432 precor,
575 1369 631 1414 nee
644 1368 708 1428 me,
725 1369 809 1427 aare,
824 1353 977 1428 relinque,
992 1355 1107 1429 patert’

272 1442 359 1503 Nona
374 1441 440 1501 dies
456 1440 575 1512 aderat,
591 1453 659 1497 aum
674 1444 721 1511 tu,
741 1437 906 1499 iustissime
919 1436 1039 1512 Chiron,

313 1524 368 1586 Bis
381 1529 498 1601 septem
512 1521 613 1583 stellis>
623 1535 754 1598 corpora
767 1521 883 1582 uinctus
899 1535 979 1581 eras.

548 1652 680 1734 aruc]
723 1651 755 1716 a.
775 1653 835 1726 uc,

209 1742 261 1842 411
273 1778 361 1839 Hune
372 1776 455 1857 Lyra
468 1775 562 1837 ouria
575 1773 665 1850 sequi
680 1781 813 1850 superet
841 1773 898 1835 sed
911 1773 1024 1837 idonea
1036 1773 1176 1835 nondum

313 1861 368 1925 Est
379 1861 438 1922 via.
454 1859 530 1921 'uox
544 1865 646 1936 aptum
661 1858 748 1918 tertia
760 1865 880 1936 tempus
895 1858 960 1919 erit

637 1991 742 2056 duc

273 2112 420 2188 Scorpius
434 2111 466 2172 in
484 2113 584 2186 caelo,
600 2127 669 2172 eum
683 2126 753 2171 oras
767 2110 923 2171 lucescere
936 2109 1040 2173 Nonas

313 2196 463 2271 Dicimus,
484 2195 617 2256 amedie
633 2202 720 2272 parte
734 2201 855 2255 notatas
870 2195 934 2254 erit,

346 2323 377 2390 7.
399 2328 424 2388 e
444 2326 585 2387 uouu
627 2325 657 2390 8.
678 2328 740 2404 uu,
777 2326 807 2390 o.
829 2330 858 2388 Α
878 2327 1022 2390 unm-u

271 2446 348 2507 Hine
362 2446 414 2506 uhi
428 2446 586 2521 protulerit
598 2445 734 2506 formosa
746 2452 793 2506 ter
805 2445 963 2519 Hesperus
981 2461 1045 2520 ora,

207 2540 260 2597 ann
314 2530 372 2590 Ter
388 2529 525 2590 dederint
538 2529 661 2590 Phoebo
679 2529 782 2589 sidera
795 2530 876 2589 vieta
890 2529 1000 2602 iocum,

273 2614 360 2676 Ritus
376 2614 432 2675 erit
444 2610 572 2686 veteris,
588 2620 736 2674 nocturna
749 2610 902 2686 Lemuria,
918 2612 1008 2673 sacri.

313 2698 439 2759 Inferias
453 2697 552 2758 tacitis
565 2692 706 2757 manibus
720 2697 772 2754 iila
784 2695 907 2756 dabunt.
1008 2730 1011 2737 ·

271 2780 381 2842 Annus
396 2790 460 2842 erat
473 2782 610 2854 brevior,
626 2796 683 2840 nee
698 2778 799 2839 adhue
814 2780 865 2854 pia
880 2779 987 2840 februa
1001 2786 1120 2855 norant,

313 2863 375 2923 Nec
390 2872 422 2924 tu
436 2865 499 2925 dux
512 2878 666 2937 mensum,
681 2864 753 2923 Iane
764 2863 918 2937 biformis,
934 2877 1020 2923 erasa

206 2955 258 3012 tid
272 2947 336 3006 Iam
348 2953 449 3006 tamen
463 2949 593 3009 extincto
609 2949 701 3008 cineri
716 2962 773 3006 sua
786 2948 868 3007 dona
882 2947 1027 3021 serebant,

316 3028 543 3105 compositique
558 3046 655 3108 nepos
668 3030 758 3091 busta
775 3031 880 3105 piabat
892 3030 951 3090 avi.

271 3110 386 3173 Mensis
406 3122 471 3174 erat
482 3114 595 3188 Maius,
610 3115 757 3174 maiorum
770 3114 893 3175 nomine
907 3113 1015 3185 dietus,
1051 3136 1053 3139 ’
1163 3152 1166 3161 ‚

315 3195 371 3269 Qui
384 3204 500 3272 partem
514 3197 607 3272 prisci
620 3215 701 3258 nune
722 3212 845 3273 quoque
859 3195 1066 3257 morishabee

274 3279 343 3339 Nox
356 3279 408 3339 ubi
426 3281 485 3340 iam
499 3280 599 3340 media
613 3288 674 3355 est,
690 3296 861 3355 somnoque
875 3280 995 3341 silentia
1008 3276 1142 3356 praebet,

210 3363 262 3420 ino
315 3361 353 3422 Et
367 3363 451 3424 canis
465 3371 495 3424 et
509 3364 610 3423 variae
624 3364 809 3424 continuistis
824 3378 909 3437 aves,

274 3442 327 3503 lile
340 3460 456 3509 memor
468 3447 580 3510 veteris
593 3447 668 3509 ritus
681 3447 866 3523 timidusque
880 3447 1007 3509 deorum
