<?xml version="1.0" encoding="UTF-8"?>
<!DOCTYPE html PUBLIC "-//W3C//DTD XHTML 1.0 Transitional//EN"
    "http://www.w3.org/TR/xhtml1/DTD/xhtml1-transitional.dtd">
<html xmlns="http://www.w3.org/1999/xhtml" xml:lang="en" lang="en">
 <head>
  <title>
</title>
<meta http-equiv="Content-Type" content="text/html;charset=utf-8" />
  <meta name='ocr-system' content='tesseract 3.04.00' />
  <meta name='ocr-capabilities' content='ocr_page ocr_carea ocr_par ocr_line ocrx_word'/>
</head>
<body>
  <div class='ocr_page' id='page_1' title='image "./povidiusnaso00merkgoog_0120.png"; bbox 0 0 2598 3812; ppageno 0'>
   <div class='ocr_carea' id='block_1_1' title="bbox 504 212 732 282">
    <p class='ocr_par' dir='ltr' id='par_1_1' title="bbox 504 212 732 282">
     <span class='ocr_line' id='line_1_1' title="bbox 504 212 732 282; baseline 0 -5"><span class='ocrx_word' id='word_1_1' title='bbox 504 231 535 277; x_wconf 86' lang='lat' dir='ltr'><strong>v.</strong></span> <span class='ocrx_word' id='word_1_2' title='bbox 554 212 732 282; x_wconf 73' lang='lat' dir='ltr'><strong>tte-uto.</strong></span> 
     </span>
    </p>
   </div>
   <div class='ocr_carea' id='block_1_2' title="bbox 133 366 1008 1111">
    <p class='ocr_par' dir='ltr' id='par_1_2' title="bbox 238 366 841 445">
     <span class='ocr_line' id='line_1_2' title="bbox 238 366 841 445; baseline -0.012 -12"><span class='ocrx_word' id='word_1_3' title='bbox 238 369 361 433; x_wconf 84' lang='lat' dir='ltr'><strong>Ultores</strong></span> <span class='ocrx_word' id='word_1_4' title='bbox 375 368 497 445; x_wconf 77' lang='lat' dir='ltr'><strong>rapiant</strong></span> <span class='ocrx_word' id='word_1_5' title='bbox 510 374 599 445; x_wconf 88' lang='lat' dir='ltr'><strong>turpe</strong></span> <span class='ocrx_word' id='word_1_6' title='bbox 613 368 747 429; x_wconf 87' lang='lat' dir='ltr'><strong>cadaver</strong></span> <span class='ocrx_word' id='word_1_7' title='bbox 759 366 841 443; x_wconf 90' lang='lat' dir='ltr'><strong>equi.</strong></span> 
     </span>
    </p>

    <p class='ocr_par' dir='ltr' id='par_1_3' title="bbox 199 449 976 598">
     <span class='ocr_line' id='line_1_3' title="bbox 199 449 976 526; baseline -0.008 -12"><span class='ocrx_word' id='word_1_8' title='bbox 199 453 330 515; x_wconf 82' lang='lat' dir='ltr'><strong>Viscera</strong></span> <span class='ocrx_word' id='word_1_9' title='bbox 345 452 390 512; x_wconf 91' lang='lat' dir='ltr'><strong>sic</strong></span> <span class='ocrx_word' id='word_1_10' title='bbox 404 453 516 526; x_wconf 89' lang='lat' dir='ltr'><strong>aliquis</strong></span> <span class='ocrx_word' id='word_1_11' title='bbox 531 451 678 526; x_wconf 89' lang='lat' dir='ltr'><strong>scopulus</strong></span> <span class='ocrx_word' id='word_1_12' title='bbox 693 459 745 512; x_wconf 91' lang='lat' dir='ltr'><strong>tua</strong></span> <span class='ocrx_word' id='word_1_13' title='bbox 757 451 845 526; x_wconf 80' lang='lat' dir='ltr'><strong>figat,</strong></span> <span class='ocrx_word' id='word_1_14' title='bbox 861 457 895 512; x_wconf 90' lang='lat' dir='ltr'><strong>ut</strong></span> <span class='ocrx_word' id='word_1_15' title='bbox 904 449 976 511; x_wconf 89' lang='lat' dir='ltr'><strong>olim</strong></span> 
     </span>
     <span class='ocr_line' id='line_1_4' title="bbox 241 534 843 598; baseline -0.008 -1"><span class='ocrx_word' id='word_1_16' title='bbox 241 536 317 598; x_wconf 82' lang='lat' dir='ltr'>Fixa</span> <span class='ocrx_word' id='word_1_17' title='bbox 332 536 390 596; x_wconf 90' lang='lat' dir='ltr'><strong>sub</strong></span> <span class='ocrx_word' id='word_1_18' title='bbox 404 534 540 596; x_wconf 83' lang='lat' dir='ltr'><strong>Euboico</strong></span> <span class='ocrx_word' id='word_1_19' title='bbox 556 535 648 595; x_wconf 88' lang='lat' dir='ltr'><strong>Graia</strong></span> <span class='ocrx_word' id='word_1_20' title='bbox 662 535 748 594; x_wconf 87' lang='lat' dir='ltr'><strong>inere</strong></span> <span class='ocrx_word' id='word_1_21' title='bbox 763 535 843 596; x_wconf 90' lang='lat' dir='ltr'><strong>sinu.</strong></span> 
     </span>
    </p>

    <p class='ocr_par' dir='ltr' id='par_1_4' title="bbox 200 618 1008 699">
     <span class='ocr_line' id='line_1_5' title="bbox 200 618 1008 699; baseline -0.007 -18"><span class='ocrx_word' id='word_1_22' title='bbox 200 619 301 699; x_wconf 86' lang='lat' dir='ltr'><strong>thue</strong></span> <span class='ocrx_word' id='word_1_23' title='bbox 315 619 403 678; x_wconf 78' lang='lat' dir='ltr'><strong>ieron</strong></span> <span class='ocrx_word' id='word_1_24' title='bbox 417 618 506 692; x_wconf 84' lang='lat' dir='ltr'><strong>periit</strong></span> <span class='ocrx_word' id='word_1_25' title='bbox 519 624 549 680; x_wconf 89' lang='lat' dir='ltr'><strong>et</strong></span> <span class='ocrx_word' id='word_1_26' title='bbox 563 619 687 678; x_wconf 84' lang='lat' dir='ltr'><strong>mimine</strong></span> <span class='ocrx_word' id='word_1_27' title='bbox 701 624 731 678; x_wconf 89' lang='lat' dir='ltr'><strong>et</strong></span> <span class='ocrx_word' id='word_1_28' title='bbox 745 632 880 693; x_wconf 85' lang='lat' dir='ltr'><strong>aequore</strong></span> <span class='ocrx_word' id='word_1_29' title='bbox 893 624 1008 692; x_wconf 88' lang='lat' dir='ltr'><strong>ruptor,</strong></span> 
     </span>
    </p>

    <p class='ocr_par' dir='ltr' id='par_1_5' title="bbox 133 701 863 776">
     <span class='ocr_line' id='line_1_6' title="bbox 133 701 863 776; baseline -0.007 -13"><span class='ocrx_word' id='word_1_30' title='bbox 133 708 190 770; x_wconf 73' lang='lat' dir='ltr'><strong>sto</strong></span> <span class='ocrx_word' id='word_1_31' title='bbox 244 702 296 763; x_wconf 88' lang='lat' dir='ltr'><strong>Sic</strong></span> <span class='ocrx_word' id='word_1_32' title='bbox 309 709 342 763; x_wconf 91' lang='lat' dir='ltr'><strong>te</strong></span> <span class='ocrx_word' id='word_1_33' title='bbox 353 715 509 762; x_wconf 86' lang='lat' dir='ltr'><strong>mersuras</strong></span> <span class='ocrx_word' id='word_1_34' title='bbox 524 701 650 762; x_wconf 90' lang='lat' dir='ltr'><strong>adiuvet</strong></span> <span class='ocrx_word' id='word_1_35' title='bbox 662 701 742 775; x_wconf 76' lang='lat' dir='ltr'><strong>ignis</strong></span> <span class='ocrx_word' id='word_1_36' title='bbox 755 716 863 776; x_wconf 88' lang='lat' dir='ltr'><strong>aquas.</strong></span> 
     </span>
    </p>

    <p class='ocr_par' dir='ltr' id='par_1_6' title="bbox 198 781 991 943">
     <span class='ocr_line' id='line_1_7' title="bbox 198 781 991 860; baseline -0.008 -13"><span class='ocrx_word' id='word_1_37' title='bbox 198 785 286 847; x_wconf 88' lang='lat' dir='ltr'><strong>Mens</strong></span> <span class='ocrx_word' id='word_1_38' title='bbox 302 798 426 860; x_wconf 88' lang='lat' dir='ltr'><strong>quoqne</strong></span> <span class='ocrx_word' id='word_1_39' title='bbox 440 785 486 843; x_wconf 88' lang='lat' dir='ltr'><strong>sic</strong></span> <span class='ocrx_word' id='word_1_40' title='bbox 498 784 596 844; x_wconf 75' lang='lat' dir='ltr'><strong>Farriis</strong></span> <span class='ocrx_word' id='word_1_41' title='bbox 609 798 722 856; x_wconf 72' lang='lat' dir='ltr'><strong>uecors</strong></span> <span class='ocrx_word' id='word_1_42' title='bbox 736 785 878 859; x_wconf 67' lang='lat' dir='ltr'><strong>amatu,</strong></span> <span class='ocrx_word' id='word_1_43' title='bbox 893 790 926 845; x_wconf 92' lang='lat' dir='ltr'><strong>ut</strong></span> <span class='ocrx_word' id='word_1_44' title='bbox 938 781 991 859; x_wconf 79' lang='lat' dir='ltr'><strong>itti,</strong></span> 
     </span>
     <span class='ocr_line' id='line_1_8' title="bbox 230 866 880 943; baseline -0.012 -12"><span class='ocrx_word' id='word_1_45' title='bbox 230 869 340 931; x_wconf 47' lang='lat' dir='ltr'><strong>‘Unum</strong></span> <span class='ocrx_word' id='word_1_46' title='bbox 355 867 406 943; x_wconf 90' lang='lat' dir='ltr'><strong>qui</strong></span> <span class='ocrx_word' id='word_1_47' title='bbox 420 873 484 927; x_wconf 90' lang='lat' dir='ltr'><strong>toto</strong></span> <span class='ocrx_word' id='word_1_48' title='bbox 499 881 632 942; x_wconf 89' lang='lat' dir='ltr'><strong>corpore</strong></span> <span class='ocrx_word' id='word_1_49' title='bbox 646 869 756 927; x_wconf 85' lang='lat' dir='ltr'><strong>vuinus</strong></span> <span class='ocrx_word' id='word_1_50' title='bbox 771 866 880 927; x_wconf 72' lang='lat' dir='ltr'><strong>trabem</strong></span> 
     </span>
    </p>

    <p class='ocr_par' dir='ltr' id='par_1_7' title="bbox 191 948 940 1111">
     <span class='ocr_line' id='line_1_9' title="bbox 191 948 940 1029; baseline -0.005 -16"><span class='ocrx_word' id='word_1_51' title='bbox 191 952 300 1027; x_wconf 87' lang='lat' dir='ltr'><strong>‘thue</strong></span> <span class='ocrx_word' id='word_1_52' title='bbox 314 951 500 1029; x_wconf 87' lang='lat' dir='ltr'><strong>Dryantidae</strong></span> <span class='ocrx_word' id='word_1_53' title='bbox 514 950 698 1024; x_wconf 77' lang='lat' dir='ltr'>Rhodopeia</span> <span class='ocrx_word' id='word_1_54' title='bbox 711 965 806 1024; x_wconf 77' lang='lat' dir='ltr'><strong>regna</strong></span> <span class='ocrx_word' id='word_1_55' title='bbox 818 948 940 1024; x_wconf 87' lang='lat' dir='ltr'><strong>tenenti,</strong></span> 
     </span>
     <span class='ocr_line' id='line_1_10' title="bbox 241 1032 894 1111; baseline -0.009 -16"><span class='ocrx_word' id='word_1_56' title='bbox 241 1036 275 1095; x_wconf 89' lang='lat' dir='ltr'><strong>In</strong></span> <span class='ocrx_word' id='word_1_57' title='bbox 290 1037 410 1108; x_wconf 77' lang='lat' dir='ltr'><strong>gemino</strong></span> <span class='ocrx_word' id='word_1_58' title='bbox 426 1033 532 1111; x_wconf 84' lang='lat' dir='ltr'><strong>dispar</strong></span> <span class='ocrx_word' id='word_1_59' title='bbox 546 1034 595 1094; x_wconf 90' lang='lat' dir='ltr'><strong>cui</strong></span> <span class='ocrx_word' id='word_1_60' title='bbox 610 1032 690 1107; x_wconf 89' lang='lat' dir='ltr'><strong>pede</strong></span> <span class='ocrx_word' id='word_1_61' title='bbox 703 1034 801 1094; x_wconf 85' lang='lat' dir='ltr'><strong>cuitus</strong></span> <span class='ocrx_word' id='word_1_62' title='bbox 815 1041 894 1094; x_wconf 72' lang='lat' dir='ltr'><strong>erata</strong></span> 
     </span>
    </p>
   </div>
   <div class='ocr_carea' id='block_1_3' title="bbox 13 1116 1002 1213">
    <p class='ocr_par' dir='ltr' id='par_1_8' title="bbox 13 1116 1002 1213">
     <span class='ocr_line' id='line_1_11' title="bbox 13 1116 1002 1213; baseline -0.003 -32"><span class='ocrx_word' id='word_1_63' title='bbox 13 1200 17 1213; x_wconf 80' lang='lat'><strong>.</strong></span> <span class='ocrx_word' id='word_1_64' title='bbox 134 1122 188 1180; x_wconf 69' lang='lat' dir='ltr'><strong>tta</strong></span> <span class='ocrx_word' id='word_1_65' title='bbox 200 1119 241 1180; x_wconf 89' lang='lat' dir='ltr'><strong>Ut</strong></span> <span class='ocrx_word' id='word_1_66' title='bbox 254 1118 308 1178; x_wconf 87' lang='lat' dir='ltr'><strong>init</strong></span> <span class='ocrx_word' id='word_1_67' title='bbox 323 1116 435 1178; x_wconf 86' lang='lat' dir='ltr'><strong>Oetaeo</strong></span> <span class='ocrx_word' id='word_1_68' title='bbox 452 1116 622 1192; x_wconf 87' lang='lat' dir='ltr'><strong>quondam,</strong></span> <span class='ocrx_word' id='word_1_69' title='bbox 636 1130 812 1191; x_wconf 75' lang='lat' dir='ltr'><strong>generoque</strong></span> <span class='ocrx_word' id='word_1_70' title='bbox 826 1118 1002 1191; x_wconf 75' lang='lat' dir='ltr'>draconum,</span> 
     </span>
    </p>
   </div>
   <div class='ocr_carea' id='block_1_4' title="bbox 135 1199 1053 1692">
    <p class='ocr_par' dir='ltr' id='par_1_9' title="bbox 135 1199 1053 1692">
     <span class='ocr_line' id='line_1_12' title="bbox 240 1199 898 1275; baseline -0.003 -13"><span class='ocrx_word' id='word_1_71' title='bbox 240 1200 453 1273; x_wconf 81' lang='lat' dir='ltr'><strong>tisameniqua</strong></span> <span class='ocrx_word' id='word_1_72' title='bbox 468 1201 561 1275; x_wconf 88' lang='lat' dir='ltr'><strong>patri,</strong></span> <span class='ocrx_word' id='word_1_73' title='bbox 578 1199 807 1272; x_wconf 79' lang='lat' dir='ltr'><strong>cutirhoesqne</strong></span> <span class='ocrx_word' id='word_1_74' title='bbox 820 1201 898 1260; x_wconf 86' lang='lat' dir='ltr'><strong>viro.</strong></span> 
     </span>
     <span class='ocr_line' id='line_1_13' title="bbox 199 1281 870 1359; baseline -0.007 -13"><span class='ocrx_word' id='word_1_75' title='bbox 199 1284 262 1346; x_wconf 78' lang='lat' dir='ltr'><strong>use</strong></span> <span class='ocrx_word' id='word_1_76' title='bbox 275 1281 329 1344; x_wconf 87' lang='lat' dir='ltr'><strong>tibi</strong></span> <span class='ocrx_word' id='word_1_77' title='bbox 342 1284 495 1357; x_wconf 81' lang='lat' dir='ltr'><strong>contingat</strong></span> <span class='ocrx_word' id='word_1_78' title='bbox 508 1290 646 1344; x_wconf 87' lang='lat' dir='ltr'><strong>matrona</strong></span> <span class='ocrx_word' id='word_1_79' title='bbox 659 1281 798 1357; x_wconf 79' lang='lat' dir='ltr'><strong>pudicior</strong></span> <span class='ocrx_word' id='word_1_80' title='bbox 811 1283 870 1359; x_wconf 84' lang='lat' dir='ltr'><strong>illa,</strong></span> 
     </span>
     <span class='ocr_line' id='line_1_14' title="bbox 242 1366 839 1442; baseline -0.008 -15"><span class='ocrx_word' id='word_1_81' title='bbox 242 1367 307 1442; x_wconf 84' lang='lat' dir='ltr'><strong>Qua</strong></span> <span class='ocrx_word' id='word_1_82' title='bbox 321 1366 419 1441; x_wconf 90' lang='lat' dir='ltr'><strong>potuit</strong></span> <span class='ocrx_word' id='word_1_83' title='bbox 431 1368 557 1442; x_wconf 81' lang='lat' dir='ltr'>Tydeus</span> <span class='ocrx_word' id='word_1_84' title='bbox 571 1366 733 1426; x_wconf 89' lang='lat' dir='ltr'><strong>erubuisse</strong></span> <span class='ocrx_word' id='word_1_85' title='bbox 745 1381 839 1427; x_wconf 69' lang='lat' dir='ltr'><strong>nurui</strong></span> 
     </span>
     <span class='ocr_line' id='line_1_15' title="bbox 201 1448 1053 1526; baseline 0.001 -16"><span class='ocrx_word' id='word_1_86' title='bbox 201 1449 347 1526; x_wconf 80' lang='lat' dir='ltr'>Quaeque</span> <span class='ocrx_word' id='word_1_87' title='bbox 360 1449 408 1510; x_wconf 90' lang='lat' dir='ltr'><strong>sui</strong></span> <span class='ocrx_word' id='word_1_88' title='bbox 422 1465 564 1510; x_wconf 88' lang='lat' dir='ltr'><strong>venerem</strong></span> <span class='ocrx_word' id='word_1_89' title='bbox 578 1449 674 1510; x_wconf 86' lang='lat' dir='ltr'><strong>iunxit</strong></span> <span class='ocrx_word' id='word_1_90' title='bbox 689 1449 862 1509; x_wconf 76' lang='lat' dir='ltr'><strong>cumfratre</strong></span> <span class='ocrx_word' id='word_1_91' title='bbox 877 1448 984 1525; x_wconf 87' lang='lat' dir='ltr'><strong>mariti,</strong></span> <span class='ocrx_word' id='word_1_92' title='bbox 1047 1502 1053 1511; x_wconf 92' lang='lat'>.</span> 
     </span>
     <span class='ocr_line' id='line_1_16' title="bbox 135 1533 844 1601; baseline -0.004 -7"><span class='ocrx_word' id='word_1_93' title='bbox 135 1542 188 1601; x_wconf 80' lang='lat' dir='ltr'><strong>eso</strong></span> <span class='ocrx_word' id='word_1_94' title='bbox 241 1533 347 1594; x_wconf 88' lang='lat' dir='ltr'><strong>Locris</strong></span> <span class='ocrx_word' id='word_1_95' title='bbox 361 1533 392 1592; x_wconf 91' lang='lat' dir='ltr'><strong>in</strong></span> <span class='ocrx_word' id='word_1_96' title='bbox 412 1533 541 1593; x_wconf 86' lang='lat' dir='ltr'><strong>anciliae</strong></span> <span class='ocrx_word' id='word_1_97' title='bbox 554 1533 745 1593; x_wconf 88' lang='lat' dir='ltr'><strong>dissimulata</strong></span> <span class='ocrx_word' id='word_1_98' title='bbox 758 1547 844 1593; x_wconf 84' lang='lat' dir='ltr'><strong>nece.</strong></span> 
     </span>
     <span class='ocr_line' id='line_1_17' title="bbox 199 1615 983 1692; baseline -0.001 -14"><span class='ocrx_word' id='word_1_99' title='bbox 199 1617 272 1678; x_wconf 85' lang='lat' dir='ltr'><strong>&#39;l&#39;am</strong></span> <span class='ocrx_word' id='word_1_100' title='bbox 287 1630 426 1692; x_wconf 89' lang='lat' dir='ltr'><strong>quoque,</strong></span> <span class='ocrx_word' id='word_1_101' title='bbox 442 1616 613 1687; x_wconf 84' lang='lat' dir='ltr'><strong>dilaniant,</strong></span> <span class='ocrx_word' id='word_1_102' title='bbox 634 1616 737 1690; x_wconf 89' lang='lat' dir='ltr'><strong>possis</strong></span> <span class='ocrx_word' id='word_1_103' title='bbox 752 1616 887 1689; x_wconf 80' lang='lat' dir='ltr'><strong>gaudere</strong></span> <span class='ocrx_word' id='word_1_104' title='bbox 900 1615 983 1677; x_wconf 84' lang='lat' dir='ltr'><strong>fideli</strong></span> 
     </span>
    </p>
   </div>
   <div class='ocr_carea' id='block_1_5' title="bbox 107 1698 965 1867">
    <p class='ocr_par' dir='ltr' id='par_1_10' title="bbox 107 1698 965 1867">
     <span class='ocr_line' id='line_1_18' title="bbox 107 1698 942 1777; baseline -0.007 -17"><span class='ocrx_word' id='word_1_105' title='bbox 107 1756 115 1771; x_wconf 77' lang='grc'><em>,</em></span> <span class='ocrx_word' id='word_1_106' title='bbox 243 1700 390 1775; x_wconf 80' lang='lat' dir='ltr'><strong>coniuge,</strong></span> <span class='ocrx_word' id='word_1_107' title='bbox 407 1715 498 1774; x_wconf 86' lang='lat' dir='ltr'><strong>quarn</strong></span> <span class='ocrx_word' id='word_1_108' title='bbox 510 1699 594 1759; x_wconf 86' lang='lat' dir='ltr'><strong>Talai</strong></span> <span class='ocrx_word' id='word_1_109' title='bbox 608 1698 821 1777; x_wconf 82' lang='lat' dir='ltr'><strong>Tyndareique</strong></span> <span class='ocrx_word' id='word_1_110' title='bbox 834 1714 942 1772; x_wconf 72' lang='lat' dir='ltr'><strong>genera</strong></span> 
     </span>
     <span class='ocr_line' id='line_1_19' title="bbox 200 1781 965 1867; baseline -0.001 -24"><span class='ocrx_word' id='word_1_111' title='bbox 200 1782 345 1858; x_wconf 79' lang='lat' dir='ltr'><strong>Quaeque</strong></span> <span class='ocrx_word' id='word_1_112' title='bbox 359 1797 467 1859; x_wconf 86' lang='lat' dir='ltr'><strong>parare</strong></span> <span class='ocrx_word' id='word_1_113' title='bbox 481 1782 547 1843; x_wconf 87' lang='lat' dir='ltr'><strong>suis</strong></span> <span class='ocrx_word' id='word_1_114' title='bbox 561 1782 654 1842; x_wconf 91' lang='lat' dir='ltr'><strong>letum</strong></span> <span class='ocrx_word' id='word_1_115' title='bbox 667 1781 854 1857; x_wconf 79' lang='lat' dir='ltr'><strong>patruelibus</strong></span> <span class='ocrx_word' id='word_1_116' title='bbox 868 1796 965 1867; x_wconf 83' lang='lat' dir='ltr'><strong>ausae</strong></span> 
     </span>
    </p>
   </div>
   <div class='ocr_carea' id='block_1_6' title="bbox 132 1865 886 1941">
    <p class='ocr_par' dir='ltr' id='par_1_11' title="bbox 132 1865 886 1941">
     <span class='ocr_line' id='line_1_20' title="bbox 132 1865 886 1941; baseline -0.003 -16"><span class='ocrx_word' id='word_1_117' title='bbox 132 1886 134 1889; x_wconf 94' lang='lat'>·</span> <span class='ocrx_word' id='word_1_118' title='bbox 238 1865 360 1927; x_wconf 87' lang='lat' dir='ltr'><strong>Belides</strong></span> <span class='ocrx_word' id='word_1_119' title='bbox 375 1866 594 1927; x_wconf 75' lang='lat' dir='ltr'><strong>assiduacolIa</strong></span> <span class='ocrx_word' id='word_1_120' title='bbox 608 1870 783 1941; x_wconf 89' lang='lat' dir='ltr'><strong>premuntur</strong></span> <span class='ocrx_word' id='word_1_121' title='bbox 796 1880 886 1940; x_wconf 88' lang='lat' dir='ltr'><strong>aqna.</strong></span> 
     </span>
    </p>
   </div>
   <div class='ocr_carea' id='block_1_7' title="bbox 136 1947 1110 2027">
    <p class='ocr_par' dir='ltr' id='par_1_12' title="bbox 136 1947 1110 2027">
     <span class='ocr_line' id='line_1_21' title="bbox 136 1947 1110 2027; baseline -0.002 -12"><span class='ocrx_word' id='word_1_122' title='bbox 136 1956 188 2015; x_wconf 72' lang='lat' dir='ltr'><strong>ets</strong></span> <span class='ocrx_word' id='word_1_123' title='bbox 201 1947 352 2027; x_wconf 78' lang='lat' dir='ltr'><strong>Byblidos</strong></span> <span class='ocrx_word' id='word_1_124' title='bbox 367 1955 398 2008; x_wconf 90' lang='lat' dir='ltr'><strong>et</strong></span> <span class='ocrx_word' id='word_1_125' title='bbox 414 1949 566 2022; x_wconf 80' lang='lat' dir='ltr'><strong>Canaces,</strong></span> <span class='ocrx_word' id='word_1_126' title='bbox 583 1950 663 2010; x_wconf 84' lang='lat' dir='ltr'><strong>siem</strong></span> <span class='ocrx_word' id='word_1_127' title='bbox 676 1950 768 2022; x_wconf 87' lang='lat' dir='ltr'><strong>iacis,</strong></span> <span class='ocrx_word' id='word_1_128' title='bbox 783 1949 889 2010; x_wconf 79' lang='lat' dir='ltr'><strong>ardeat</strong></span> <span class='ocrx_word' id='word_1_129' title='bbox 902 1948 982 2025; x_wconf 71' lang='lat' dir='ltr'><strong>igne,</strong></span> <span class='ocrx_word' id='word_1_130' title='bbox 1096 1998 1110 2013; x_wconf 85' lang='lat'>.</span> 
     </span>
    </p>
   </div>
   <div class='ocr_carea' id='block_1_8' title="bbox 134 2031 987 3522">
    <p class='ocr_par' dir='ltr' id='par_1_13' title="bbox 134 2031 987 3522">
     <span class='ocr_line' id='line_1_22' title="bbox 242 2031 882 2111; baseline -0.002 -19"><span class='ocrx_word' id='word_1_131' title='bbox 242 2032 305 2092; x_wconf 88' lang='lat' dir='ltr'><strong>Nec</strong></span> <span class='ocrx_word' id='word_1_132' title='bbox 318 2031 377 2111; x_wconf 87' lang='lat' dir='ltr'><strong>nisi</strong></span> <span class='ocrx_word' id='word_1_133' title='bbox 390 2048 447 2107; x_wconf 87' lang='lat' dir='ltr'><strong>per</strong></span> <span class='ocrx_word' id='word_1_134' title='bbox 460 2033 572 2093; x_wconf 74' lang='lat' dir='ltr'><strong>odmen</strong></span> <span class='ocrx_word' id='word_1_135' title='bbox 586 2033 626 2094; x_wconf 91' lang='lat' dir='ltr'><strong>sit</strong></span> <span class='ocrx_word' id='word_1_136' title='bbox 640 2033 692 2095; x_wconf 92' lang='lat' dir='ltr'><strong>tibi</strong></span> <span class='ocrx_word' id='word_1_137' title='bbox 705 2033 770 2094; x_wconf 83' lang='lat' dir='ltr'><strong>fida</strong></span> <span class='ocrx_word' id='word_1_138' title='bbox 784 2048 882 2093; x_wconf 88' lang='lat' dir='ltr'><strong>soror.</strong></span> 
     </span>
     <span class='ocr_line' id='line_1_23' title="bbox 199 2113 916 2193; baseline 0 -17"><span class='ocrx_word' id='word_1_139' title='bbox 199 2113 276 2176; x_wconf 72' lang='lat' dir='ltr'><strong>Itllia</strong></span> <span class='ocrx_word' id='word_1_140' title='bbox 288 2114 315 2175; x_wconf 89' lang='lat' dir='ltr'><strong>si</strong></span> <span class='ocrx_word' id='word_1_141' title='bbox 329 2115 432 2189; x_wconf 86' lang='lat' dir='ltr'><strong>luerit,</strong></span> <span class='ocrx_word' id='word_1_142' title='bbox 448 2116 488 2176; x_wconf 88' lang='lat' dir='ltr'><strong>sit</strong></span> <span class='ocrx_word' id='word_1_143' title='bbox 502 2117 587 2191; x_wconf 88' lang='lat' dir='ltr'><strong>quod</strong></span> <span class='ocrx_word' id='word_1_144' title='bbox 599 2116 744 2193; x_wconf 86' lang='lat' dir='ltr'><strong>Pelopeia</strong></span> <span class='ocrx_word' id='word_1_145' title='bbox 756 2116 916 2193; x_wconf 79' lang='lat' dir='ltr'><strong>Thyestae,</strong></span> 
     </span>
     <span class='ocr_line' id='line_1_24' title="bbox 241 2198 878 2277; baseline 0.003 -20"><span class='ocrx_word' id='word_1_146' title='bbox 241 2198 366 2275; x_wconf 83' lang='lat' dir='ltr'><strong>Myrrha</strong></span> <span class='ocrx_word' id='word_1_147' title='bbox 380 2214 437 2259; x_wconf 91' lang='lat' dir='ltr'><strong>suo</strong></span> <span class='ocrx_word' id='word_1_148' title='bbox 452 2199 544 2274; x_wconf 86' lang='lat' dir='ltr'><strong>patri,</strong></span> <span class='ocrx_word' id='word_1_149' title='bbox 558 2200 795 2277; x_wconf 78' lang='lat' dir='ltr'><strong>Nyctimeneque</strong></span> <span class='ocrx_word' id='word_1_150' title='bbox 810 2216 878 2261; x_wconf 90' lang='lat' dir='ltr'><strong>suo.</strong></span> 
     </span>
     <span class='ocr_line' id='line_1_25' title="bbox 199 2280 950 2359; baseline 0.001 -17"><span class='ocrx_word' id='word_1_151' title='bbox 199 2280 284 2342; x_wconf 84' lang='lat' dir='ltr'><strong>Neve</strong></span> <span class='ocrx_word' id='word_1_152' title='bbox 300 2281 397 2357; x_wconf 78' lang='lat' dir='ltr'><strong>magis</strong></span> <span class='ocrx_word' id='word_1_153' title='bbox 411 2282 464 2358; x_wconf 91' lang='lat' dir='ltr'><strong>pia</strong></span> <span class='ocrx_word' id='word_1_154' title='bbox 477 2283 516 2342; x_wconf 88' lang='lat' dir='ltr'><strong>sit</strong></span> <span class='ocrx_word' id='word_1_155' title='bbox 528 2284 682 2359; x_wconf 79' lang='lat' dir='ltr'><strong>capitique</strong></span> <span class='ocrx_word' id='word_1_156' title='bbox 696 2286 829 2358; x_wconf 88' lang='lat' dir='ltr'><strong>parentis</strong></span> <span class='ocrx_word' id='word_1_157' title='bbox 844 2283 950 2357; x_wconf 85' lang='lat' dir='ltr'><strong>amica,</strong></span> 
     </span>
     <span class='ocr_line' id='line_1_26' title="bbox 136 2364 969 2441; baseline -0.002 -15"><span class='ocrx_word' id='word_1_158' title='bbox 136 2381 190 2439; x_wconf 72' lang='lat' dir='ltr'><strong>aso</strong></span> <span class='ocrx_word' id='word_1_159' title='bbox 244 2364 340 2438; x_wconf 80' lang='lat' dir='ltr'><strong>Quam</strong></span> <span class='ocrx_word' id='word_1_160' title='bbox 354 2382 411 2426; x_wconf 89' lang='lat' dir='ltr'><strong>sua</strong></span> <span class='ocrx_word' id='word_1_161' title='bbox 425 2365 474 2425; x_wconf 88' lang='lat' dir='ltr'><strong>vel</strong></span> <span class='ocrx_word' id='word_1_162' title='bbox 487 2365 635 2439; x_wconf 86' lang='lat' dir='ltr'><strong>Pterelae,</strong></span> <span class='ocrx_word' id='word_1_163' title='bbox 649 2368 700 2426; x_wconf 87' lang='lat' dir='ltr'><strong>vei</strong></span> <span class='ocrx_word' id='word_1_164' title='bbox 714 2367 782 2440; x_wconf 90' lang='lat' dir='ltr'><strong>tibi,</strong></span> <span class='ocrx_word' id='word_1_165' title='bbox 796 2366 883 2441; x_wconf 88' lang='lat' dir='ltr'><strong>Nise,</strong></span> <span class='ocrx_word' id='word_1_166' title='bbox 899 2367 969 2426; x_wconf 75' lang='lat' dir='ltr'><strong>inita</strong></span> 
     </span>
     <span class='ocr_line' id='line_1_27' title="bbox 201 2446 987 2525; baseline 0.001 -18"><span class='ocrx_word' id='word_1_167' title='bbox 201 2446 410 2523; x_wconf 78' lang='lat' dir='ltr'><strong>Infamemque</strong></span> <span class='ocrx_word' id='word_1_168' title='bbox 423 2450 524 2508; x_wconf 87' lang='lat' dir='ltr'><strong>locum</strong></span> <span class='ocrx_word' id='word_1_169' title='bbox 538 2450 663 2510; x_wconf 89' lang='lat' dir='ltr'><strong>sceleris</strong></span> <span class='ocrx_word' id='word_1_170' title='bbox 676 2466 758 2525; x_wconf 88' lang='lat' dir='ltr'><strong>quae</strong></span> <span class='ocrx_word' id='word_1_171' title='bbox 772 2451 894 2511; x_wconf 88' lang='lat' dir='ltr'><strong>nomine</strong></span> <span class='ocrx_word' id='word_1_172' title='bbox 907 2449 987 2524; x_wconf 80' lang='lat' dir='ltr'><strong>iecit,</strong></span> 
     </span>
     <span class='ocr_line' id='line_1_28' title="bbox 240 2531 932 2609; baseline 0.001 -19"><span class='ocrx_word' id='word_1_173' title='bbox 240 2531 356 2592; x_wconf 89' lang='lat' dir='ltr'><strong>Pressit</strong></span> <span class='ocrx_word' id='word_1_174' title='bbox 369 2539 400 2592; x_wconf 91' lang='lat' dir='ltr'><strong>et</strong></span> <span class='ocrx_word' id='word_1_175' title='bbox 412 2531 544 2593; x_wconf 88' lang='lat' dir='ltr'><strong>inductis</strong></span> <span class='ocrx_word' id='word_1_176' title='bbox 557 2533 693 2592; x_wconf 87' lang='lat' dir='ltr'><strong>membra</strong></span> <span class='ocrx_word' id='word_1_177' title='bbox 707 2540 833 2609; x_wconf 87' lang='lat' dir='ltr'><strong>paterna</strong></span> <span class='ocrx_word' id='word_1_178' title='bbox 846 2533 932 2593; x_wconf 89' lang='lat' dir='ltr'><strong>rotis.</strong></span> 
     </span>
     <span class='ocr_line' id='line_1_29' title="bbox 199 2614 983 2693; baseline -0.001 -16"><span class='ocrx_word' id='word_1_179' title='bbox 199 2614 239 2677; x_wconf 85' lang='lat' dir='ltr'><strong>Ut</strong></span> <span class='ocrx_word' id='word_1_180' title='bbox 252 2614 380 2678; x_wconf 89' lang='lat' dir='ltr'><strong>iuvenes</strong></span> <span class='ocrx_word' id='word_1_181' title='bbox 394 2630 521 2692; x_wconf 87' lang='lat' dir='ltr'><strong>pereas,</strong></span> <span class='ocrx_word' id='word_1_182' title='bbox 536 2616 673 2693; x_wconf 83' lang='lat' dir='ltr'><strong>proiecta</strong></span> <span class='ocrx_word' id='word_1_183' title='bbox 686 2617 839 2677; x_wconf 86' lang='lat' dir='ltr'><strong>cadavera</strong></span> <span class='ocrx_word' id='word_1_184' title='bbox 852 2630 983 2690; x_wconf 85' lang='lat' dir='ltr'><strong>quorum</strong></span> 
     </span>
     <span class='ocr_line' id='line_1_30' title="bbox 242 2696 800 2772; baseline -0.007 -14"><span class='ocrx_word' id='word_1_185' title='bbox 242 2696 364 2772; x_wconf 89' lang='lat' dir='ltr'><strong>Oraque</strong></span> <span class='ocrx_word' id='word_1_186' title='bbox 376 2698 503 2759; x_wconf 81' lang='lat' dir='ltr'><strong>Pisaeae</strong></span> <span class='ocrx_word' id='word_1_187' title='bbox 516 2699 688 2760; x_wconf 87' lang='lat' dir='ltr'><strong>sustinuere</strong></span> <span class='ocrx_word' id='word_1_188' title='bbox 701 2700 800 2760; x_wconf 76' lang='lat' dir='ltr'><strong>foras=</strong></span> 
     </span>
     <span class='ocr_line' id='line_1_31' title="bbox 134 2781 954 2857; baseline -0.004 -15"><span class='ocrx_word' id='word_1_189' title='bbox 134 2790 187 2851; x_wconf 77' lang='lat' dir='ltr'><strong>tes</strong></span> <span class='ocrx_word' id='word_1_190' title='bbox 200 2781 240 2842; x_wconf 90' lang='lat' dir='ltr'><strong>Ut</strong></span> <span class='ocrx_word' id='word_1_191' title='bbox 253 2781 306 2856; x_wconf 88' lang='lat' dir='ltr'><strong>qui</strong></span> <span class='ocrx_word' id='word_1_192' title='bbox 318 2782 475 2857; x_wconf 83' lang='lat' dir='ltr'><strong>pertusam</strong></span> <span class='ocrx_word' id='word_1_193' title='bbox 488 2783 668 2844; x_wconf 85' lang='lat' dir='ltr'><strong>miserorum</strong></span> <span class='ocrx_word' id='word_1_194' title='bbox 681 2781 777 2841; x_wconf 85' lang='lat' dir='ltr'><strong>caede</strong></span> <span class='ocrx_word' id='word_1_195' title='bbox 792 2793 954 2856; x_wconf 84' lang='lat' dir='ltr'><strong>procorum</strong></span> 
     </span>
     <span class='ocr_line' id='line_1_32' title="bbox 242 2864 926 2945; baseline -0.003 -21"><span class='ocrx_word' id='word_1_196' title='bbox 242 2865 313 2939; x_wconf 90' lang='lat' dir='ltr'><strong>Ipse</strong></span> <span class='ocrx_word' id='word_1_197' title='bbox 327 2881 385 2926; x_wconf 89' lang='lat' dir='ltr'><strong>suo</strong></span> <span class='ocrx_word' id='word_1_198' title='bbox 399 2865 508 2925; x_wconf 89' lang='lat' dir='ltr'><strong>melius</strong></span> <span class='ocrx_word' id='word_1_199' title='bbox 524 2866 673 2940; x_wconf 70' lang='lat' dir='ltr'><strong>sanguine</strong></span> <span class='ocrx_word' id='word_1_200' title='bbox 686 2864 773 2937; x_wconf 85' lang='lat' dir='ltr'><strong>tipxit</strong></span> <span class='ocrx_word' id='word_1_201' title='bbox 786 2864 926 2945; x_wconf 74' lang='lat' dir='ltr'><strong>humumz</strong></span> 
     </span>
     <span class='ocr_line' id='line_1_33' title="bbox 199 2945 850 3025; baseline 0.002 -19"><span class='ocrx_word' id='word_1_202' title='bbox 199 2945 339 3008; x_wconf 87' lang='lat' dir='ltr'><strong>Proditor</strong></span> <span class='ocrx_word' id='word_1_203' title='bbox 352 2955 387 3009; x_wconf 89' lang='lat' dir='ltr'><strong>ut</strong></span> <span class='ocrx_word' id='word_1_204' title='bbox 400 2947 485 3008; x_wconf 89' lang='lat' dir='ltr'><strong>saevi</strong></span> <span class='ocrx_word' id='word_1_205' title='bbox 500 2947 588 3023; x_wconf 89' lang='lat' dir='ltr'><strong>periit</strong></span> <span class='ocrx_word' id='word_1_206' title='bbox 601 2947 707 3022; x_wconf 80' lang='lat' dir='ltr'><strong>auriga</strong></span> <span class='ocrx_word' id='word_1_207' title='bbox 719 2946 850 3025; x_wconf 88' lang='lat' dir='ltr'><strong>tyranni,</strong></span> 
     </span>
     <span class='ocr_line' id='line_1_34' title="bbox 243 3028 960 3107; baseline -0.003 -17"><span class='ocrx_word' id='word_1_208' title='bbox 243 3030 299 3105; x_wconf 82' lang='lat' dir='ltr'><strong>Qui</strong></span> <span class='ocrx_word' id='word_1_209' title='bbox 313 3047 396 3091; x_wconf 89' lang='lat' dir='ltr'><strong>nova</strong></span> <span class='ocrx_word' id='word_1_210' title='bbox 407 3031 547 3107; x_wconf 88' lang='lat' dir='ltr'><strong>Myrtoae</strong></span> <span class='ocrx_word' id='word_1_211' title='bbox 560 3031 684 3092; x_wconf 88' lang='lat' dir='ltr'><strong>nomina</strong></span> <span class='ocrx_word' id='word_1_212' title='bbox 698 3032 770 3092; x_wconf 87' lang='lat' dir='ltr'><strong>iecit</strong></span> <span class='ocrx_word' id='word_1_213' title='bbox 784 3048 898 3107; x_wconf 73' lang='lat' dir='ltr'><strong>aquaer</strong></span> <span class='ocrx_word' id='word_1_214' title='bbox 957 3028 960 3033; x_wconf 80' lang='grc'>’</span> 
     </span>
     <span class='ocr_line' id='line_1_35' title="bbox 200 3112 851 3191; baseline -0.002 -16"><span class='ocrx_word' id='word_1_215' title='bbox 200 3112 240 3175; x_wconf 85' lang='lat' dir='ltr'><strong>Ut</strong></span> <span class='ocrx_word' id='word_1_216' title='bbox 254 3113 305 3187; x_wconf 90' lang='lat' dir='ltr'><strong>qui</strong></span> <span class='ocrx_word' id='word_1_217' title='bbox 318 3115 456 3175; x_wconf 86' lang='lat' dir='ltr'><strong>velocem</strong></span> <span class='ocrx_word' id='word_1_218' title='bbox 471 3115 568 3175; x_wconf 78' lang='lat' dir='ltr'><strong>frusta</strong></span> <span class='ocrx_word' id='word_1_219' title='bbox 581 3113 696 3191; x_wconf 89' lang='lat' dir='ltr'><strong>petiere</strong></span> <span class='ocrx_word' id='word_1_220' title='bbox 710 3116 851 3191; x_wconf 88' lang='lat' dir='ltr'><strong>puellam,</strong></span> 
     </span>
     <span class='ocr_line' id='line_1_36' title="bbox 134 3197 909 3274; baseline -0.004 -16"><span class='ocrx_word' id='word_1_221' title='bbox 134 3200 190 3260; x_wconf 81' lang='lat' dir='ltr'><strong>tto</strong></span> <span class='ocrx_word' id='word_1_222' title='bbox 244 3197 323 3259; x_wconf 85' lang='lat' dir='ltr'><strong>Dum</strong></span> <span class='ocrx_word' id='word_1_223' title='bbox 337 3198 417 3259; x_wconf 88' lang='lat' dir='ltr'><strong>iacta</strong></span> <span class='ocrx_word' id='word_1_224' title='bbox 430 3204 479 3259; x_wconf 90' lang='lat' dir='ltr'><strong>est</strong></span> <span class='ocrx_word' id='word_1_225' title='bbox 493 3197 592 3274; x_wconf 92' lang='lat' dir='ltr'><strong>pomis</strong></span> <span class='ocrx_word' id='word_1_226' title='bbox 605 3199 723 3259; x_wconf 88' lang='lat' dir='ltr'><strong>tardior</strong></span> <span class='ocrx_word' id='word_1_227' title='bbox 734 3199 786 3260; x_wconf 88' lang='lat' dir='ltr'><strong>illa</strong></span> <span class='ocrx_word' id='word_1_228' title='bbox 798 3200 909 3259; x_wconf 76' lang='lat' dir='ltr'><strong>tribnsr</strong></span> 
     </span>
     <span class='ocr_line' id='line_1_37' title="bbox 200 3279 912 3353; baseline 0 -13"><span class='ocrx_word' id='word_1_229' title='bbox 200 3279 241 3341; x_wconf 87' lang='lat' dir='ltr'><strong>Ut</strong></span> <span class='ocrx_word' id='word_1_230' title='bbox 255 3279 308 3353; x_wconf 90' lang='lat' dir='ltr'><strong>qui</strong></span> <span class='ocrx_word' id='word_1_231' title='bbox 321 3286 402 3340; x_wconf 90' lang='lat' dir='ltr'><strong>tecto</strong></span> <span class='ocrx_word' id='word_1_232' title='bbox 414 3281 487 3342; x_wconf 88' lang='lat' dir='ltr'><strong>novi</strong></span> <span class='ocrx_word' id='word_1_233' title='bbox 501 3283 629 3344; x_wconf 87' lang='lat' dir='ltr'><strong>iormam</strong></span> <span class='ocrx_word' id='word_1_234' title='bbox 643 3283 773 3345; x_wconf 90' lang='lat' dir='ltr'><strong>celantia</strong></span> <span class='ocrx_word' id='word_1_235' title='bbox 786 3281 912 3343; x_wconf 90' lang='lat' dir='ltr'><strong>monstri</strong></span> 
     </span>
     <span class='ocr_line' id='line_1_38' title="bbox 242 3362 904 3426; baseline 0 -5"><span class='ocrx_word' id='word_1_236' title='bbox 242 3362 394 3423; x_wconf 82' lang='lat' dir='ltr'><strong>Intrarumt</strong></span> <span class='ocrx_word' id='word_1_237' title='bbox 407 3379 518 3426; x_wconf 86' lang='lat' dir='ltr'><strong>caecae</strong></span> <span class='ocrx_word' id='word_1_238' title='bbox 531 3380 594 3426; x_wconf 88' lang='lat' dir='ltr'><strong>non</strong></span> <span class='ocrx_word' id='word_1_239' title='bbox 607 3366 766 3426; x_wconf 85' lang='lat' dir='ltr'><strong>redeunda</strong></span> <span class='ocrx_word' id='word_1_240' title='bbox 779 3366 904 3426; x_wconf 84' lang='lat' dir='ltr'><strong>domusr</strong></span> 
     </span>
     <span class='ocr_line' id='line_1_39' title="bbox 201 3433 963 3522; baseline 0 -16"><span class='ocrx_word' id='word_1_241' title='bbox 201 3433 242 3507; x_wconf 81' lang='lat' dir='ltr'><strong>Ut</strong></span> <span class='ocrx_word' id='word_1_242' title='bbox 255 3460 386 3522; x_wconf 88' lang='lat' dir='ltr'><strong>quornm</strong></span> <span class='ocrx_word' id='word_1_243' title='bbox 398 3448 551 3511; x_wconf 85' lang='lat' dir='ltr'><strong>Aeacides</strong></span> <span class='ocrx_word' id='word_1_244' title='bbox 564 3449 646 3512; x_wconf 85' lang='lat' dir='ltr'><strong>misit</strong></span> <span class='ocrx_word' id='word_1_245' title='bbox 658 3449 811 3513; x_wconf 85' lang='lat' dir='ltr'><strong>violentus</strong></span> <span class='ocrx_word' id='word_1_246' title='bbox 825 3448 857 3507; x_wconf 91' lang='lat' dir='ltr'><strong>in</strong></span> <span class='ocrx_word' id='word_1_247' title='bbox 870 3447 963 3507; x_wconf 85' lang='lat' dir='ltr'><strong>aittun</strong></span> 
     </span>
    </p>
   </div>
   <div class='ocr_carea' id='block_1_9' title="bbox 0 0 1313 3812">
    <p class='ocr_par' dir='ltr' id='par_1_14' title="bbox 0 0 1313 3812">
     <span class='ocr_line' id='line_1_40' title="bbox 0 0 1313 3812; baseline 0 0"><span class='ocrx_word' id='word_1_248' title='bbox 0 0 1313 3812; x_wconf 95' lang='lat' dir='ltr'><strong> </strong></span> 
     </span>
    </p>
   </div>
  </div>
 </body>
</html>
