2598 3812
531 239 561 281 v.
583 208 759 284 rotat.
1088 168 1149 284 1o1
1171 163 1180 175 ⁴

263 372 363 434 Tertia
375 372 525 432 tumentes
540 372 684 448 incoquet
699 374 771 449 igne
786 384 892 448 genas.
935 386 938 391 ’

157 466 208 523 185
218 457 317 519 Noxia
329 452 411 515 mille
425 456 524 516 modis
539 457 719 517 lacerabitur
732 457 848 530 umbra,
866 464 998 531 arasque

261 542 384 601 Aeacus
399 540 430 599 in
446 555 562 615 poenas
577 541 754 615 ingeniosus
767 541 832 600 erit.

142 693 147 701 ,
219 624 254 684 In
268 631 299 684 te
312 622 493 683 transcribet
507 629 642 684 veterum
655 629 804 683 tormenta
817 636 952 685 recruma

261 706 401 768 Manibus
417 707 549 782 antiquis
564 721 658 767 causa
673 707 782 785 quietis
797 708 868 766 eris.

221 788 366 865 Sisyphe,
389 790 437 850 cul
451 790 556 850 tradas
569 790 738 850 revolubile
752 784 882 865 pondus,
905 786 1050 849 habebis2

156 876 209 934 190
261 872 435 933 Versabunt
449 874 565 932 celeres
579 889 660 933 nunc
674 889 757 933 nova
769 871 904 933 membra
916 879 1012 932 rotae.
1119 876 1126 885 '

218 955 274 1015 Hic
289 963 319 1016 et
331 957 397 1029 erit,
419 972 522 1016 ramos
537 956 649 1016 trustra
663 957 715 1031 qui
730 963 840 1031 captet
862 962 892 1015 et
904 956 1019 1016 undasa

259 1039 316 1098 Hic
331 1040 545 1115 inconsumpto
562 1039 681 1099 viscere
699 1047 806 1114 pascet
820 1052 905 1098 aves.

219 1121 281 1183 Nec
295 1123 401 1184 mortis
416 1138 534 1203 poenas
547 1136 631 1182 mors
646 1123 740 1181 altera
755 1121 951 1196 internatus,

258 1205 404 1281 Horaque
417 1206 474 1266 erit
486 1207 576 1267 tantis
591 1205 695 1266 ultima
709 1205 790 1266 nulla
803 1205 900 1264 malis.

96 1296 103 1303 '
156 1291 207 1349 195
217 1289 293 1349 Inde
307 1304 365 1364 ego
381 1304 480 1365 paura
494 1304 610 1350 canem.
642 1288 767 1348 trondes
781 1297 815 1348 ut
828 1288 924 1362 siquis
940 1288 977 1348 ab
994 1288 1056 1363 ida,

259 1373 320 1432 Aul
334 1388 482 1434 summam
496 1373 613 1450 libyco
628 1373 667 1432 de
681 1386 764 1431 mare
778 1380 884 1447 carpat
897 1387 1017 1446 aquam.

217 1455 293 1516 Nam
306 1471 407 1531 neque
422 1463 496 1531 quot
509 1455 604 1517 flores
619 1454 722 1515 Sicula
735 1461 898 1516 nascantur
910 1455 941 1514 in
956 1455 1064 1532 Hybla,

244 1570 247 1581 ·
260 1539 377 1614 Quotve
391 1541 475 1613 ierat,
497 1540 606 1614 dicam,
627 1545 708 1598 terra
722 1538 831 1599 Cilissa
845 1554 963 1610 crocos,

217 1621 280 1682 Nec
295 1639 363 1683 curn
377 1623 470 1683 tristis
481 1623 579 1685 biems
594 1622 745 1697 aquilonis
761 1621 988 1696 inienuitatis,

154 1719 208 1774 wo
259 1706 461 1781 Quam'multa
474 1706 527 1766 liat
540 1706 688 1782 grandine
704 1719 801 1765 canus
813 1704 927 1764 Athos=

215 1789 280 1850 Nec
293 1790 373 1850 mala
386 1804 465 1850 voce
478 1805 547 1850 mea
562 1796 704 1866 poterunt
717 1795 769 1849 tua
783 1793 890 1847 cuncta
903 1786 1020 1862 reterri,
1046 1863 1049 1868 ,

261 1872 320 1934 Ora
333 1874 403 1935 lieet
415 1874 531 1934 tribuas
545 1873 742 1948 multiplicata
755 1870 837 1930 milti.

216 1957 273 2017 'l'ot
284 1956 339 2017 tibi
355 1964 426 2016 vae!
445 1958 557 2017 misero
572 1957 694 2017 venient
707 1956 845 2029 talesque
858 1954 974 2028 ruinae,

256 2039 296 2101 Ut
309 2040 378 2116 cogi
391 2040 422 2099 in
437 2041 577 2101 lacrimas
592 2055 641 2100 ure
656 2054 779 2115 qnoque
793 2052 887 2113 posse
902 2042 1014 2112 putem.

155 2137 207 2193 205
216 2122 289 2192 lllae
302 2138 351 2182 me
365 2123 507 2185 lacrimae
521 2123 632 2184 facient
646 2124 713 2184 sine
726 2124 788 2182 line
801 2122 939 2182 beatumr

223 2200 226 2213 '
259 2205 384 2291 Dulcior
396 2207 446 2266 hlc
459 2207 523 2268 risu
536 2214 609 2268 tunc
622 2207 694 2265 mihi
708 2206 800 2266 fletus
813 2205 879 2265 erit.

218 2288 312 2350 Natus
327 2305 361 2350 es
375 2289 509 2365 infelix,..
524 2291 566 2351 lta
580 2291 611 2351 di
624 2291 750 2351 voluere
802 2304 859 2348 nec
873 2288 935 2348 ulla

258 2372 425 2434 Commoda
439 2376 575 2434 nascenti
590 2375 679 2435 stella
691 2375 830 2447 levisque
845 2372 908 2432 luit.

217 2456 285 2517 Non
298 2458 404 2517 Venus
420 2457 551 2531 adfulsit
575 2473 638 2517 non
651 2458 702 2517 illa
716 2456 850 2533 luppiter
862 2456 947 2530 hora

155 2555 209 2610 210
255 2540 401 2615 Lunaque
415 2554 476 2600 non
492 2547 564 2616 apto
579 2542 688 2615 solque
702 2542 787 2601 luere
801 2541 879 2613 loco,

217 2623 279 2684 Nec
293 2624 368 2684 satis
384 2622 495 2683 utillter
509 2624 628 2699 positos
642 2623 694 2684 tibi
709 2623 848 2701 praebuit
861 2622 948 2695 ignes

257 2708 351 2782 Quem
365 2707 484 2782 peperit
497 2723 606 2782 magno
621 2707 722 2767 lucida
735 2707 816 2764 Maia
828 2704 903 2763 lovi.

217 2790 258 2851 Te
273 2791 338 2851 lera
351 2805 409 2850 nee
424 2790 587 2865 quicquam
602 2791 755 2867 placidum
772 2785 954 2862 spondentia
967 2786 1070 2851 Manu

259 2873 367 2935 Sidera
381 2881 567 2950 presserunt,
587 2873 775 2946 lalciierique
790 2871 883 2930 senis.
976 2910 985 2927 .

152 2967 205 3023 215
215 2955 283 3018 Lux
298 2973 422 3034 quoque
435 2957 554 3029 natalis,
576 2973 615 3017 ne
631 2956 704 3032 quid
718 2954 777 3014 nisi
792 2955 876 3014 triste
889 2955 1022 3037 videres,

218 3042 224 3055 ⁸
257 3040 368 3116 Turpis
382 3049 412 3104 et
426 3039 555 3099 induetis
570 3039 701 3100 nubibus
715 3046 780 3099 atra
794 3038 857 3098 luit.

216 3123 300 3184 Haec
314 3131 371 3200 est,
392 3125 423 3185 in
439 3123 524 3183 lastis
540 3124 588 3182 cul
603 3122 655 3183 dat
668 3121 772 3197 gravis
787 3122 867 3182 Allia
881 3136 999 3196 nomen,

258 3207 403 3283 Quaeque
417 3208 483 3268 dies
498 3206 573 3281 lbin,
595 3205 717 3281 publica
732 3206 850 3279 damna,
872 3205 945 3265 tulit.

218 3289 275 3366 Qui
289 3291 379 3351 simul
391 3291 510 3367 impura
521 3291 625 3350 matris
645 3290 808 3365 prolapsus
824 3288 862 3348 ab
877 3290 946 3347 alvo

30 3396 35 3405 ·
153 3380 207 3437 πο
258 3373 441 3450 Cinyphiam¹
451 3374 543 3434 foedo
559 3389 689 3449 corpore
702 3373 816 3450 pressit
829 3372 960 3445 humum,

219 3455 306 3518 Sedit
318 3457 349 3516 in
364 3457 497 3519 adverso
511 3464 676 3523 nocturnus
690 3457 820 3518 culmine
833 3453 926 3529 bubo,
