2582 3810
172 182 214 247 48
563 178 790 246 TRISTIUM

256 335 463 410 Desertaeque
477 334 587 397 domus
603 336 713 408 vuitus,
727 334 942 412 memoresque
955 334 1089 408 eunucu,

209 427 243 481 10
297 419 435 492 Canaque
452 419 619 495 praecipue
632 418 770 492 coniugis
785 436 841 479 ora
854 434 950 479 mene.
1026 458 1038 467 .

261 500 366 575 Stulte,
385 499 459 575 quid
471 500 548 561 hacc
562 502 769 562 frustm-votis
784 502 949 576 puerilibus
965 508 1064 577 opus,

300 585 384 658 Quae
398 599 459 643 non
474 584 536 643 ulla
549 584 603 645 tibi
617 584 737 659 fertque
752 584 889 661 feretque
903 585 991 645 diest

261 665 294 728 Si
308 667 403 727 semel
418 667 583 746 optandum
600 675 656 740 est,
670 669 843 741 Augustum
856 683 968 728 numen
981 667 1086 740 adora,

300 748 338 810 Et
351 764 442 825 quem
454 751 589 823 sensisti,
603 749 662 810 rite
674 763 802 825 precere
819 751 918 812 deum.

215 839 248 893 15
260 831 315 894 lile
330 839 440 907 potens
455 848 634 907 pennasque
645 832 701 892 tibi
716 848 884 910 currusque
901 834 1046 897 volucres

301 914 443 976 Tradere.
465 916 516 975 dot
528 916 666 990 reditum,
684 916 906 990 protinus'ules
918 919 990 978 eris.

262 998 295 1060 Si
306 1014 414 1073 precer
426 997 543 1071 haec...
556 1014 658 1074 neque
669 999 749 1058 enim
763 1014 892 1074 possum
903 1001 1021 1061 meiere
1032 1000 1183 1076 precari...
1233 1010 1239 1023 ’

299 1081 344 1142 Ne
357 1097 426 1141 mea
442 1081 510 1154 sint,
524 1081 624 1156 annuo,
641 1088 715 1142 vota
727 1081 867 1145 modesta
881 1099 998 1158 parum

260 1164 400 1227 Forsitan
413 1164 473 1225 hoc
487 1165 568 1239 olim,
583 1181 653 1225 cum
666 1164 726 1224 iam
739 1165 894 1227 satiaverit
908 1166 992 1240 iram

215 1257 252 1313 20
304 1248 388 1308 Tunc
403 1263 527 1322 queque
541 1248 670 1309 sollicita
682 1255 783 1309 mente
799 1248 955 1324 rogandus
970 1250 1037 1309 erit

264 1331 352 1406 Quod
364 1331 463 1391 minus
482 1331 597 1391 interea
611 1339 666 1404 cst,
680 1330 777 1390 instar
790 1330 862 1392 mihi
876 1332 1010 1393 muneris
1021 1332 1130 1407 'atriplip

300 1414 348 1473 Ex
360 1413 409 1473 his
422 1428 470 1473 me
484 1414 586 1474 iubeat
599 1413 734 1489 quolibet
747 1413 793 1473 ire
806 1415 892 1475 iocis.

262 1496 325 1557 Neo
340 1499 466 1570 coetum,
480 1512 538 1557 neo
551 1512 652 1572 aquae
666 1497 789 1571 iaciunt,
802 1513 861 1558 nec
874 1505 964 1571 term,
977 1512 1035 1558 uec
1055 1514 1158 1558 auree.

303 1580 339 1640 Ei
353 1580 434 1654 mihi,
448 1587 615 1667 perpetuus
632 1594 762 1654 corpora
775 1581 904 1655 languor
917 1581 1018 1642 habet

214 1673 248 1726 25
263 1662 325 1723 Seu
339 1663 446 1723 vitiam
458 1670 542 1723 artus
561 1678 671 1737 aegrae
685 1664 830 1739 conugia
842 1664 961 1738 mentis,

302 1745 375 1806 Sive
389 1747 448 1806 mei
464 1761 558 1806 causa
573 1754 621 1807 est
632 1747 663 1806 in
677 1746 802 1820 regione
815 1747 902 1807 malis

263 1830 303 1891 Ut
318 1828 400 1903 tetigi
414 1829 551 1902 Pontum,
567 1835 680 1889 vexant
694 1830 851 1904 insomnia,
868 1829 983 1905 vixque
1083 1862 1086 1865 ·

304 1911 384 1973 ossa
398 1914 473 1986 tegit
488 1910 602 1972 macies
619 1927 676 1972 nec
691 1912 775 1972 iuvat
788 1928 842 1972 ore
856 1914 953 1976 cibus,
1027 1948 1030 1959 «
1071 1964 1075 1969 ,

265 1996 383 2071 Quique
399 2011 455 2070 per
470 2001 644 2055 autumnum
659 1995 817 2070 percussis
831 1996 942 2070 uigore
956 1996 1054 2071 primo

214 2087 250 2142 30
300 2078 356 2138 Est
371 2079 456 2138 color
470 2079 501 2137 in
515 2078 605 2151 iotis,
620 2093 701 2153 quae
715 2092 796 2137 nova
809 2079 898 2139 laesit
911 2079 1017 2151 hiems,

262 2162 293 2222 lo
307 2177 376 2221 mes
389 2160 524 2220 membra
536 2165 627 2221 tenet
648 2176 705 2220 nec
718 2160 833 2222 viribus
848 2162 974 2223 adlevor
990 2162 1069 2233 ullis,

304 2243 343 2304 Et
356 2259 520 2318 numquam
535 2245 653 2320 queruii
668 2259 763 2304 causa
777 2245 891 2306 doloris
905 2246 1001 2306 abest.
1262 2311 1265 2317 ,

262 2327 325 2388 Nec
340 2328 448 2387 urelius
461 2327 560 2401 valeo,
577 2343 670 2403 quarn
680 2343 820 2403 corpore,
833 2334 942 2387 mente.
964 2327 1020 2388 sed
1033 2344 1127 2403 aegra
1137 2337 1187 2389 cst

305 2409 442 2484 Utraque
455 2426 528 2486 pars
543 2425 642 2486 aeque
655 2411 790 2486 binaque
804 2412 914 2473 damna
927 2412 1002 2472 iero.

214 2504 249 2560 35
264 2493 376 2553 Haeret
389 2501 420 2553 et
436 2500 506 2553 onte
520 2494 627 2555 oculos
636 2494 734 2554 ,ueluti
749 2494 917 2568 spectabile
930 2509 1043 2571 corpus

101 2572 108 2581 ‘
305 2577 400 2636 Astat
408 2577 547 2638 fortunae
562 2578 659 2637 forma
673 2577 802 2651 legende
816 2593 920 2638 meae:

266 2659 1005 2736 Cumqueloeummoresquehominumcultusqne
1013 2675 1186 2737 sonumque

308 2743 474 2820 Cernimus,
489 2753 519 2806 et
533 2743 604 2820 quid
621 2745 679 2803 sim
694 2742 769 2818 quid
782 2743 960 2818 fuerimque,
976 2744 1065 2817 subit,

265 2826 378 2886 Tantus
393 2843 478 2890 amor
489 2831 575 2888 necis
590 2834 646 2900 est7
658 2842 773 2903 querar
787 2834 902 2887 utrum
916 2826 1055 2887 Caesaris
1068 2826 1122 2901 ira,

216 2917 251 2971 40
306 2908 393 2982 Quod
408 2926 469 2971 non
483 2912 620 2972 offensas
631 2909 763 2971 vindicet
777 2926 851 2970 ense
867 2925 949 2969 suas.

259 2993 301 3053 At
315 2993 459 3066 quoniam
477 2996 573 3054 semei
586 3000 634 3053 est
647 2991 859 3055 odiuciviliter
871 3008 957 3066 usus,

299 3074 414 3136 Mutato
431 3077 531 3139 terior
543 3078 582 3138 sit
598 3076 672 3150 iuga
685 3082 790 3137 nostra
803 3077 882 3137 loco.
900 3085 909 3117 t

201 3208 242 3301 9.
260 3206 320 3306 flio
332 3259 456 3321 quoque
467 3244 638 3319 suntigitur
648 3241 870 3317 Graioeaquis
882 3243 1077 3303 crederett...
1089 3240 1184 3301 urires

303 3329 385 3390 inter
398 3328 579 3388 inhumanae
593 3327 715 3389 nemim
727 3325 907 3387 barbariaet

265 3411 331 3472 Huc
346 3428 475 3490 quoque·
483 3410 585 3472 Mileto
599 3411 687 3473 missi
701 3410 937 3487 uenereooloni‚
