2598 3812
160 192 223 264 ιιι
355 282 360 285 .
548 197 777 263 exrema

241 351 328 414 Hane
342 351 401 415 nisi
414 360 447 415 tu
460 351 572 429 pariter
586 350 675 412 simili
690 367 757 412 aum
772 353 864 414 tratre
878 353 1007 425 levares,

281 437 343 497 Vix
356 452 441 496 mens
456 436 593 497 tristitiae
607 443 712 495 nostra
725 435 844 498 tulisset
858 449 946 498 onus.
996 435 1000 441 ’

215 572 224 587 x
242 519 308 580 Vos
323 521 397 580 estis
410 520 507 580 iraato
521 518 609 580 tellus¹
624 534 685 578 non
701 519 778 579 dura
790 520 934 595 phaselo:
1047 564 1049 571 .

200 611 236 667 lo
285 602 440 680 Quamque
455 609 567 679 negant
579 603 673 677 multi,
695 617 753 665 vos
767 604 839 663 mibi
854 603 938 664 lertis
952 616 1054 678 apem.

241 685 337 762 Ferte,
359 701 477 762 praear,
501 701 631 761 semper,
654 686 727 761 quia
742 702 863 763 semper
878 686 1033 762 egebimus
1048 684 1109 760 iiia,

281 769 421 831 Caesaris
436 768 588 831 offensum
603 769 676 830 dum
689 769 761 831 mihi
776 780 885 831 numen
899 771 964 831 erit

241 853 297 929 Qui
310 855 444 916 meritam
459 852 548 914 nabis
562 853 685 929 minuat,
706 869 768 914 ιιοιι
783 855 868 917 finiat
880 855 963 927 iram,
1064 896 1065 903 ι

283 936 467 1015 Suppliciter
479 944 600 999 vestras
616 938 746 1014 quisque
759 945 866 1014 rogate
879 937 966 998 deas.

567 1092 759 1107 σ--ὐ-ι

441 1220 588 1305 LIBER
614 1216 887 1302 abablius,
984 1306 986 1313 ,

70 1432 75 1447 .
188 1356 226 1448 1.
285 1384 797 1483 (ιιιιιιιιιιοοοιιιειιιι

240 1484 311 1584 flue
327 1536 450 1599 quoque
465 1520 606 1585 Caesarei
620 1526 758 1602 pervenit
771 1524 851 1584 lama
863 1494 1013 1600 triumphi,

281 1605 439 1687 Languida
452 1623 514 1682 quo
529 1607 605 1668 lessi
619 1609 676 1681 virt
686 1609 768 1669 venit
782 1623 855 1668 aura
867 1606 945 1667 Noti.
969 1620 973 1651 ῑ

206 1741 216 1769 ,
240 1689 287 1750 Nil
300 1691 367 1751 iore
381 1692 469 1751 dulae
483 1691 556 1751 mibi
571 1691 715 1770 Scythica
729 1693 855 1768 regione
867 1691 984 1766 putavi.

281 1772 345 1834 Iam
358 1774 456 1836 minus
470 1775 520 1837 hia
536 1776 607 1836 odio
622 1783 677 1851 est,
701 1772 793 1853 quam
806 1775 952 1848 irritante,
971 1775 1067 1840 lacus.

212 1857 373 1922 blandem
388 1859 503 1934 aliquid
516 1861 605 1935 pulsa
619 1874 759 1919 aurarum
772 1858 853 1918 nube
867 1873 1006 1920 serenum
1103 1875 1106 1879 ·

274 1941 358 2001 Vidi.
390 1941 638 2003 tartunaeverba
653 1942 785 2018 dedique
799 1955 895 2002 meae.
946 1956 969 1981 ³
1085 2006 1088 2017 ¹

236 2023 317 2084 Nolit
329 2029 363 2084 ut
376 2025 439 2085 ulla
453 2025 525 2085 mihi
541 2025 716 2101 contingere
731 2025 843 2100 gaudia
858 2024 980 2098 Caesar,

278 2107 366 2166 Velle
380 2113 483 2183 potest
496 2108 592 2169 cuivis
606 2109 683 2168 haee
696 2118 796 2169 tamen
811 2125 871 2171 una
885 2108 960 2173 dari.
1094 2162 1098 2169 .

239 2188 275 2250 Di
291 2204 423 2265 quaque,
444 2198 477 2251 ιιι
490 2208 515 2251 a
524 2194 639 2252 cunetis
654 2192 743 2252 hilari
756 2192 868 2268 pietate
882 2193 1027 2275 colantur,

196 2287 230 2339 10
279 2271 441 2333 'iristitiam
455 2275 528 2350 pani
541 2291 668 2353 persua
682 2276 886 2337 lestaiubant.
1070 2342 1073 2351 ,

239 2356 385 2432 Denique,
407 2359 490 2431 quad
504 2365 604 2420 certus
619 2362 703 2422 ιιιιοι
717 2367 764 2421 est
778 2361 890 2420 audere
904 2359 1002 2434 lateri,

279 2439 344 2499 Hae
358 2456 416 2515 ego
431 2441 512 2502 laetit
477 2442 561 2517 titia,
572 2444 599 2504 si
611 2445 716 2503 vetet
707 2459 783 2519 lpse,
797 2444 896 2504 timer.
926 2490 929 2499 .
967 2520 970 2527 α

238 2522 373 2598 Iuppiter
386 2525 507 2587 utilibus
524 2527 664 2600 quotiens
678 2527 762 2588 iuvat
776 2526 922 2588 imbribus
937 2541 1040 2603 agros,
1124 2554 1126 2560 v

277 2607 371 2667 Mixta
382 2615 475 2669 tenax
489 2611 585 2684 segeti
600 2627 738 2671 creseere
752 2612 844 2687 lappa
860 2612 948 2672 solet.

166 2703 225 2780 15
238 2688 301 2750 Nos
318 2706 442 2766 quaque
456 2691 633 2768 frugiferum
648 2696 794 2756 sentimus
809 2695 922 2756 inutilis
936 2692 1031 2755 herba

278 2772 402 2847 Numen,
423 2783 455 2836 et
468 2778 563 2838 invita
576 2793 670 2852 saepe
684 2778 823 2840 iuvamur
837 2795 906 2854 ope.

240 2855 356 2916 Gaudia
371 2858 538 2921 Caesareae
553 2857 661 2923 meritis
676 2874 732 2938 pra
747 2869 833 2937 parte
844 2861 925 2923 virili
1019 2918 1022 2927 .

280 2937 356 2998 Sunt
368 2957 446 3002 mea.
475 2945 584 3018 privati
598 2945 641 3007 nil
654 2944 752 3007 habet
759 2946 810 3006 illa
824 2946 943 3009 domus

239 3021 383 3097 Gratias
381 3041 457 3099 ama,
480 3026 547 3086 tibi!
570 3044 626 3103 per
640 3045 731 3102 quam
747 3034 885 3104 spectata
897 3025 1039 3102 triumphi

191 3124 227 3178 ιο
279 3105 400 3167 incluso
414 3109 523 3170 mediis
538 3117 586 3171 est
599 3111 671 3171 mihi
686 3128 799 3187 pompa
813 3111 906 3171 Getis.

239 3188 343 3249 Indice
357 3195 387 3249 te
402 3191 503 3265 didici,
524 3209 622 3268 nuper
633 3195 764 3254 visenda
778 3193 881 3255 coisse

279 3272 457 3334 Innumeras
472 3277 579 3354 gentes
591 3277 635 3336 ad
649 3277 737 3336 ducis
752 3293 807 3337 ora
820 3277 883 3337 sul·

239 3342 384 3430 Qiraeque
398 3357 480 3432 eapit
492 3359 614 3419 vastis
605 3374 775 3419 mmamsum
790 3360 949 3421 maenibus
964 3360 1077 3432 orbam,
1143 3382 1146 3391 ¹

266 3437 427 3516 Hospitiis
442 3440 570 3502 Romam
584 3442 636 3502 vix
648 3441 796 3504 habuisse
809 3442 920 3506 laeam.
