2598 3812
105 160 109 169 ’
171 185 232 257 tte
560 182 620 247 ux
643 180 789 245 rouro

210 344 246 400 to
295 335 377 411 Ques
391 335 464 401 tecit
476 335 566 413 vires,
588 336 694 409 Roma,
713 333 818 395 valore
830 340 909 394 tuus.

251 419 415 481 Incolumis
430 420 563 485 coniunx
577 434 636 479 sua
649 417 820 492 puvinaria
832 422 945 478 servat
961 490 968 507 ·
999 460 1003 475 .

291 502 452 563 Promovet
465 502 634 565 Ausonium
647 501 728 562 filius
742 500 920 577 imperium..
1038 528 1042 535 ·

250 585 393 647 Praeterit
406 588 475 661 ipse
489 600 564 647 suos
579 585 679 644 animo
694 583 890 645 Germanicus
903 598 1010 658 annos,

290 669 352 730 Nee
365 670 453 745 vigor
466 675 514 729 est
526 668 616 728 Drusi
629 667 784 729 nobilitate
798 667 905 728 minor„
1040 700 1044 713 ι

208 758 242 816 75
251 753 342 813 Adde
349 768 449 815 nurus
460 758 630 827 neptesque
643 751 711 827 pius
725 758 876 826 natosque
889 757 1032 827 nepotum

290 836 457 911 Ceteraque
467 836 624 910 Augustae
637 833 773 895 membra
785 837 890 896 valere
903 834 1025 895 domus.

195 980 199 997 ,
248 919 338 980 Adde
353 917 552 994 triumphatos
566 917 659 978 modo
672 916 820 994 Paeonas,
842 917 922 977 adde
937 917 1028 995 quieti

290 1002 416 1065 Subdita
429 1008 590 1063 montanae
604 1000 727 1065 brachia
740 1000 916 1062 Delmatiae.
1034 1009 1036 1012 ⁴

247 1087 311 1147 Neo
324 1084 486 1162 dedignata
500 1092 548 1147 est
560 1084 685 1149 abiectis
699 1084 800 1162 illyris
815 1084 906 1146 armis

206 1180 242 1234 80
294 1168 475 1231 Caesareum
489 1169 601 1230 iamuio
616 1168 728 1231 vertice
742 1168 821 1229 ierre
834 1168 956 1244 pedem.

246 1253 319 1328 Ipse
332 1268 426 1328 super
440 1268 560 1313 currum
574 1250 696 1327 placido
712 1251 888 1327 spectabitis
903 1267 957 1313 ore

287 1336 438 1412 Tempora
448 1334 591 1399 Phoebea
605 1335 723 1414 virgine
737 1350 817 1395 nexa
830 1335 905 1399 tuttt

248 1419 342 1494 Quem
355 1420 411 1496 pia
421 1419 580 1483 vobiscum
592 1418 865 1497 protesteomitav'it
878 1424 1012 1492 euntem,

288 1502 386 1579 Digna
399 1510 525 1579 parente
540 1517 596 1563 suo
611 1502 846 1578 nominibusque
859 1502 956 1563 datis.⁴

204 1591 239 1648 85
249 1585 402 1649 Fratribus
418 1586 575 1660 adsimilis,
598 1602 677 1661 quos
692 1585 833 1662 proxima
845 1585 1099 1662 temptateueutis

287 1670 383 1732 Divus
397 1671 436 1737 ab
451 1670 575 1733 excelsa
588 1670 684 1731 iulius
696 1670 775 1731 aede
788 1670 897 1744 videt.⁴

245 1753 300 1814 His
314 1753 518 1829 Messalinus,
538 1753 647 1829 quibus
662 1754 764 1815 omnia
776 1754 888 1815 dedero
902 1751 1023 1829 debent

285 1835 416 1901 Primum
427 1838 560 1909 laetitiae
574 1852 635 1901 non
649 1844 741 1913 negat
753 1851 826 1898 esse
839 1835 949 1897 lotum.
993 1864 995 1871 1

246 1920 397 1997 Quicquid
409 1920 447 1982 ab
461 1921 511 1983 his
524 1928 674 1997 superest,
695 1920 822 1981 venitin
837 1926 988 1982 commen
1002 1901 1132 1980 anatim

204 2011 240 2067 9⁰
288 2004 353 2064 Hae
366 2004 523 2067 homiuum
537 2005 610 2064 nulli
624 2011 710 2080 parte
724 2003 879 2065 secundus
894 2005 974 2065 erit.

19 2089 203 2184 offis-J*-
244 2087 331 2148 Hane
346 2089 425 2148 eotet
438 2087 612 2160 antediem,
632 2104 694 2164 qua
708 2087 863 2164 quondam
875 2087 932 2150 rite
945 2087 1071 2149 merenti
1085 2134 1089 2141 ,

29 2160 62 2199 ²¹
148 2171 153 2178 ’
284 2170 376 2230 Venit
389 2170 545 2230 honoratis
560 2171 664 2231 laurea
677 2170 889 2246 dignaaomist
990 2204 993 2213 ι

244 2252 370 2326 Felices,
394 2254 505 2329 quibus
520 2259 553 2313 o!
573 2254 657 2315 iiouit
669 2260 810 2330 apostare
824 2254 997 2333 triurnpbos
1057 2280 1060 2291 =

285 2336 322 2396 Et
336 2336 423 2397 ducis
439 2337 583 2398 oredeos
598 2337 817 2415 aequiperante
828 2339 938 2399 duis
1007 2386 1012 2391 Α
1125 2330 1128 2345 ”

203 2428 237 2482 95
248 2421 289 2480 at
301 2419 373 2480 mihi
388 2420 586 2482 Sauromatae
599 2436 656 2497 pro
672 2421 812 2485 Caesaris
829 2437 883 2481 ore
895 2420 1021 2482 videndi

170 2556 178 2573 s
284 2505 438 2580 Terraque
452 2505 538 2580 pacis
552 2504 644 2580 inops
657 2506 801 2585 undaque
813 2504 914 2567 iuueta
928 2508 1007 2580 gelu.

245 2588 278 2657 Si
292 2595 393 2651 tamen
406 2588 483 2649 haee
496 2587 587 2651 audis
601 2595 634 2669 et
643 2603 706 2647 uox
720 2604 788 2651 mea
800 2588 940 2663 pervenit
953 2590 1038 2662 istac,
1056 2610 1059 2615 ·

286 2670 330 2732 Sit
344 2677 395 2732 tua
408 2671 552 2735 mutando
567 2672 664 2747 gratia
677 2671 789 2733 blande
799 2671 891 2755 ,ioeon
950 2698 977 2733 .·=
1009 2694 1020 2713 κ
1140 2694 1144 2703 .

245 2755 310 2815 Hoo
323 2763 409 2830 puter
422 2757 472 2815 itte
486 2762 554 2819 tuus
568 2754 866 2830 primomihieultus
880 2755 1020 2828 abuero,
1053 2784 1056 2793 ‚
1074 2758 1078 2766 '

129 2864 136 2875 =
182 2847 233 2900 100
281 2836 316 2899 Si
336 2839 410 2914 quid
423 2839 514 2900 hebet
528 2855 638 2905 sensus
652 2837 896 2913 umhradiserta,
916 2837 1001 2914 petit.
1044 2850 1046 2857 ’

243 2922 310 2983 Hoc
323 2924 398 2997 petit
411 2929 443 2982 et
455 2923 556 2983 trater.
585 2922 723 2998 quamvis
738 2922 869 2983 tortasse
882 2927 1012 2995 veretur,
1034 2950 1036 2965 ι

286 3003 435 3067 servandi
448 3013 557 3066 noeeat
570 3023 609 3066 ne
622 3006 676 3069 tibi
691 3022 765 3067 eura
775 3006 847 3067 mei.
1048 3052 1051 3059 ,

242 3088 318 3149 Tota
331 3088 440 3149 domus
454 3096 541 3163 rogat
554 3089 623 3151 hoe.
656 3106 713 3151 nee
726 3096 757 3150 tu
771 3095 860 3164 potes
875 3086 944 3162 ipae
957 3100 1070 3161 negare
1082 3090 1100 3109 ’·

284 3171 321 3232 Et
334 3187 392 3233 nos
407 3172 438 3231 in
451 3170 557 3233 turbae
570 3180 657 3248 purte
671 3172 767 3234 tuisse
781 3178 860 3232 tuae.
874 3184 877 3199 ·
1017 3176 1019 3179 ’

181 3265 232 3320 lot
242 3255 357 3331 ingenii
370 3262 461 3329 certe,
484 3270 547 3330 quo
561 3272 619 3317 nos
631 3256 710 3319 male
724 3254 879 3316 sensimus
890 3266 978 3327 usos,
1024 3276 1027 3281 ¹

285 3339 407 3401 Artibus
421 3337 569 3412 exeeptis,
591 3353 685 3413 saepe
699 3335 844 3413 probator
858 3352 938 3396 eras.

242 3421 305 3482 Nea
319 3437 396 3499 mee,
416 3423 444 3483 si
457 3426 572 3483 tantum
583 3427 711 3499 peecata
724 3419 894 3485 novissima
907 3420 1024 3494 demas,
1054 3417 1059 3421 ’
1085 3422 1107 3431 ’“
