2598 3812
197 191 258 258 lie
583 194 643 261 EX
666 188 812 259 round

202 348 209 354 ’
315 347 442 423 Nosque
455 360 551 424 negas
565 348 628 409 ulla
640 355 727 426 purte
739 347 837 410 tuisse
849 357 936 413 tuas!

277 430 375 506 idque
389 431 428 492 sit
442 439 476 493 ut
488 446 605 507 verum,
626 432 751 493 mentito
765 432 927 508 ignoscere
941 432 1048 499 debes

227 524 263 579 ιο
316 514 363 576 Nil
377 514 471 576 demit
484 516 566 576 leudi
578 515 676 591 gioria
689 522 796 577 nostra
809 523 889 577 tuae

276 598 349 673 Quis
364 613 400 660 se
414 598 597 659 caesaribus
611 606 703 660 notus
717 612 779 659 non
793 599 879 676 fingit
894 601 1042 663 umieumi

311 681 358 742 Da
370 682 492 742 veniam
508 682 603 743 fassa.
632 689 665 743 tu
678 681 751 743 mihi
766 681 879 745 caesar
894 700 973 749 eree.
1097 726 1101 741 .

274 766 336 826 Nec
350 770 451 826 tamen
464 766 614 841 inrumpo,
636 778 698 841 que
712 782 775 827 non
788 766 860 828 lieet
872 767 936 829 ire?
957 768 1094 846 suusque
1107 778 1165 844 est,

312 850 398 910 Atria
416 848 443 908 si
458 849 548 908 nobis
563 864 625 910 non
639 849 777 925 pauisse
792 865 899 925 negas.
923 904 926 911 .

224 941 260 996 πὸ
272 933 372 1008 thue
386 930 439 992 tibi
452 932 541 993 suerit
554 948 673 994 mesum
683 932 760 994 nihii
773 934 914 1010 amplius,
935 951 997 997 uuo

311 1016 427 1091 Nempe
441 1016 591 1090 saluteris,
615 1024 706 1092 quem
720 1017 815 1091 prius,
836 1030 889 1079 are
904 1018 1014 1081 minue.
1036 1072 1039 1081 .

267 1099 330 1160 Nea
344 1106 414 1159 tuus
430 1106 478 1159 est
491 1098 612 1173 genitor
625 1110 683 1160 nes
698 1099 850 1161 inficiatus
865 1101 992 1177 emicas,

310 1183 454 1242 Hortator
467 1182 560 1243 studii
575 1198 733 1257 causaque
746 1184 861 1259 faxque
874 1185 948 1245 mei:

268 1266 320 1327 Cui
335 1281 393 1327 nos
408 1273 439 1326 et
448 1267 601 1341 lacrimas,
622 1281 803 1342 supremum
812 1267 844 1326 iu
857 1268 964 1329 sunem
979 1284 1098 1342 munus,

220 1357 257 1413 30
309 1349 346 1408 Ει
361 1348 501 1410 dedimus
516 1350 617 1411 medio
632 1349 748 1426 scripte
761 1350 901 1423 canenda
916 1352 995 1415 sara

265 1433 356 1493 Adde
371 1432 454 1508 quod
469 1434 631 1507 eufraten,
653 1440 735 1494 tanto
754 1432 831 1493 tibi
821 1441 944 1495 iunctus
958 1450 1122 1509 amare,

307 1516 464 1590 Quantus
449 1533 489 1576 un
500 1518 617 1578 Atridis
630 1516 876 1603 Tyndaridisque
891 1517 961 1579 iuit·

267 1599 298 1661 ls
311 1614 361 1659 me
373 1616 431 1660 neu
445 1601 585 1661 comitem
600 1615 657 1660 nee
671 1592 853 1676 dedignatus
871 1602 1000 1663 amicum
1015 1608 1076 1663 est:

308 1682 343 1743 Si
358 1690 460 1744 tamen
475 1685 552 1745 haee
566 1685 608 1744 illi
622 1700 684 1746 nau
698 1686 837 1747 nocitura
851 1691 949 1761 putas.

218 1775 253 1830 35
268 1765 301 1828 Si
316 1768 424 1841 minus,
447 1768 505 1828 hau
520 1783 644 1843 quoque
657 1778 706 1829 me
719 1768 899 1829 mendacem
912 1776 999 1843 parte
1012 1767 1140 1829 fatebor.

308 1850 417 1911 Clausa
431 1851 502 1910 mihi
517 1852 618 1927 potius
633 1858 697 1911 totu
711 1851 821 1911 sitista
836 1848 955 1912 domus.

265 1933 329 1995 Sed
342 1949 443 2009 neque
458 1934 628 1994 claudenda
642 1941 697 2006 est
719 1940 749 1994 et
761 1933 844 1994 nulla
857 1934 993 2009 patentia
1006 1934 1087 1994 vires

305 2016 493 2088 Praestandi
515 2032 554 2076 ne
570 2017 643 2091 quid
658 2022 765 2092 peccet
779 2017 904 2090 amiens,
926 2016 1028 2078 habet.
1096 2034 1099 2045 ’
1125 2038 1131 2055 ·

264 2099 302 2160 Et
315 2106 415 2159 tamen
434 2106 467 2159 ut
480 2113 625 2175 euperem
639 2100 760 2175 eulpam
773 2113 900 2176 queque
911 2116 1008 2187 passe
1020 2105 1137 2183 messui
1158 2132 1161 2141 =

217 2195 253 2248 ιι)
307 2181 387 2242 Siai
385 2182 491 2242 acinus
506 2197 595 2243 neme
610 2184 708 2244 nescit
721 2183 834 2245 abesse
847 2183 929 2247 mihi.

266 2265 427 2340 Quodnisi
442 2265 542 2325 delicti
556 2278 629 2341 pars
644 2266 830 2331 excusabilis
845 2275 937 2343 esset,

304 2349 403 2410 Parve
416 2349 544 2425 relegari
558 2364 661 2424 paena
674 2350 774 2413 futura
786 2352 851 2416 iuit.

238 2447 242 2457 ·
263 2431 335 2510 Ipse
349 2433 406 2493 sed
420 2433 479 2493 hou
493 2433 577 2508 vidit,
598 2434 650 2508 qui
664 2433 804 2510 pervidet
813 2435 928 2512 ,amnia
950 2435 1070 2508 caesar,

305 2515 465 2578 stultitiam
478 2517 542 2577 diei
554 2517 681 2579 erimina
694 2534 791 2594 passe
801 2533 885 2579 mear

214 2605 248 2659 45
262 2599 389 2676 Quaque
403 2616 462 2677 ego
476 2599 610 2676 pernisi,
632 2614 754 2676 quaque
768 2608 815 2663 est
827 2618 878 2663 res
892 2616 997 2678 passa,
1016 2601 1161 2676 pepercit,

302 2683 386 2744 Usus
400 2690 430 2745 et
444 2691 493 2745 est
504 2683 625 2745 modice
639 2685 773 2746 fumeis
787 2685 857 2761 igne
871 2686 927 2747 sui.

261 2765 324 2827 Nee
338 2768 438 2842 vitum,
460 2783 518 2829 nec
532 2776 621 2845 apes,
641 2783 699 2831 nee
712 2767 825 2831 ademit
838 2783 934 2844 pesse
947 2766 1068 2841 reverti,

211 2888 219 2893 -
302 2847 335 2910 Si
350 2866 408 2911 sua
421 2867 478 2926 per
489 2859 609 2913 vesitus
623 2852 705 2915 vieta
718 2852 758 2915 sii
770 2851 816 2912 ira
829 2866 948 2927 preces,

260 2932 302 2994 At
314 2935 448 3008 gnaviter
460 2935 569 2996 eeeidi.
602 2934 680 3009 auid
693 2935 774 2997 enim
787 2935 932 3007 mirabile,
952 2932 1063 3007 siquis

210 3024 247 3077 50
299 3017 330 3075 A
341 3016 416 3077 iove
430 3030 598 3092 percussus
613 3035 676 3080 non
690 3021 758 3080 leve
772 3021 884 3080 vulnus
902 3015 1012 3076 hebeti

260 3099 331 3175 Ipse
347 3116 420 3160 sues
434 3102 525 3161 etiam
540 3102 623 3162 vires
636 3101 784 3163 inhiberet
796 3100 940 3173 Achilles,

300 3183 396 3244 Missa
409 3184 511 3259 gnavis
526 3185 604 3245 icius
618 3185 717 3247 Pelius
730 3184 820 3247 haste
832 3183 933 3244 dabat.

259 3265 405 3327 Iudicium
419 3268 510 3328 nobis
524 3268 615 3342 igitur
627 3284 697 3333 eum
712 3267 840 3328 vindicis
855 3267 944 3341 adsit,

299 3349 366 3411 Non
378 3360 427 3412 est
440 3368 494 3413 mir
506 3358 559 3412 tua
571 3367 620 3412 me
634 3353 725 3412 ianua
738 3366 832 3413 nosse
846 3358 945 3426 neget

209 3439 243 3491 55
257 3430 343 3494 Culta
357 3435 487 3512 quidem
507 3437 613 3509 fateor,
636 3436 718 3509 eitra,
742 3450 834 3510 quam
847 3434 959 3509 debuit,
981 3433 1101 3494 ilieest.
