2598 3812
14 194 16 201 ’
120 273 127 293 ,
178 205 238 273 tte
561 204 621 267 ux
640 203 787 309 rouro

254 358 354 434 Turpe
368 356 455 433 sequi
470 372 589 430 casum,
606 358 745 418 fortunae
759 353 870 416 cedere
884 355 1024 432 amicum,

294 442 332 502 Et
345 441 404 502 nisi
420 441 460 502 sit
474 442 560 513 felix,
577 454 648 500 esse
662 454 775 514 negare
789 455 888 499 suum.
1091 485 1094 492 .

207 536 242 592 25
255 524 321 587 Non
336 526 377 586 ita
390 525 531 585 vixerunt
544 522 686 598 Strophio
700 529 791 597 alque
804 524 1033 597 Agamemnone
1046 523 1117 599 nati,

294 609 361 668 Non
374 608 451 667 haec
464 607 601 681 Aegidae
614 605 798 679 Pirithoique
810 604 904 666 fides:

255 691 338 767 Quos
352 691 437 767 prior
451 696 497 749 cst
511 690 630 762 mirata,
645 703 778 764 sequeus
793 689 948 749 mirabitur
961 693 1055 761 aeuus,

293 774 326 834 In
342 789 471 849 quorum
485 774 611 847 plausus
626 778 689 832 tota
699 772 819 831 theatra
831 778 951 833 sonant

253 859 298 918 'lu
312 872 437 932 quoque
450 871 505 930 per
519 857 629 916 durum
643 861 765 915 servato
778 862 899 931 tempus
915 852 1015 914 amico

202 949 238 1005 30
291 940 408 1014 Dignus
423 954 457 998 es
471 939 501 997 in
515 939 605 999 tantis
619 953 729 998 nomen
743 936 856 997 habere
871 937 954 997 viris.

251 1022 367 1098 Dignus
383 1036 428 1082 cs.
456 1030 486 1082 et
514 1021 660 1097 ¹quoniam
673 1021 794 1081 laudem
809 1021 922 1095 pietate
936 1019 1071 1096 mereris,

291 1106 358 1166 Non
373 1105 430 1165 erit
443 1067 537 1164 cilicii
550 1104 647 1180 gratia
660 1104 755 1165 surda
767 1103 821 1163 tui.

252 1188 348 1249 Crede
361 1187 448 1263 mibi,
464 1195 601 1249 nostrum
616 1188 643 1248 si
655 1203 718 1247 non
732 1188 859 1246 momale
873 1187 1002 1246 laturam
1016 1193 1064 1246 est

289 1272 430 1346 Carmen,
444 1272 474 1330 in
490 1287 543 1331 ore
557 1272 700 1346 frequens
714 1269 899 1346 posteritatis
913 1269 984 1329 cris.

201 1360 236 1416 35
249 1354 310 1414 Fac
325 1354 416 1414 modo
432 1355 726 1430 permaneaslasso,
743 1351 905 1425 Graecina,
919 1350 1029 1425 fidelis,
1140 1429 1148 1436 ι

290 1438 385 1498 Darei
398 1444 428 1497 et
440 1438 470 1499 in
486 1439 595 1512 longas
609 1437 740 1513 impetus
753 1437 812 1497 iste
831 1451 943 1495 moras.

250 1521 332 1599 Quae
346 1527 379 1581 tu
393 1536 460 1580 cum
474 1527 629 1596 praestes,
649 1536 733 1581 rema
747 1527 848 1581 tamen
862 1526 931 1579 utor
944 1516 976 1578 io
991 1534 1073 1593 aura,

289 1604 352 1666 llec
366 1611 456 1665 nocet
470 1603 606 1665 admisso
620 1604 753 1666 subdere
767 1604 869 1664 calcar
882 1616 974 1677 equo.

197 1784 238 1884 t.
268 1812 463 1883 ‘arrico

247 1901 334 2001 Esse
348 1942 507 2002 salutatum
521 1940 585 2001 vult
597 1945 628 1999 te
642 1954 710 1999 mea
723 1938 821 2000 littera
835 1939 964 2015 primum
975 1988 987 2018 ·‚

288 2030 317 2082 A
330 2025 408 2082 male
423 2025 554 2098 pecatis,
568 2024 682 2096 Attice,
698 2022 792 2083 missa
806 2022 900 2084 Getis.

245 2105 386 2165 Proxima
398 2105 608 2180 subsequitur,
628 2106 702 2181 quid
715 2108 805 2180 agas,
827 2107 933 2166 audire
946 2106 1096 2183 voluptas,
1129 2111 1135 2120 '

269 2188 323 2251 xEt
336 2188 376 2261 si,
393 2189 537 2264 quicquid
551 2189 632 2263 agis,
647 2189 687 2248 sit
699 2189 752 2248 tibi
767 2204 840 2251 cure
852 2189 935 2249 mei,
962 2238 965 2245 ,

217 2270 427 2334 5Necdubit0
443 2273 515 2346 quin
530 2272 577 2337 sit.
606 2273 662 2333 sed
677 2288 726 2351 me
738 2273 828 2332 timor
840 2273 909 2348 ipse
922 2273 1070 2334 maloram]

286 2353 387 2429 Saepe
400 2356 609 2430 supervacuos
624 2356 831 2430 cogitbabere
844 2364 953 2417 metus

243 2437 290 2498 Da
303 2439 439 2514 veniam,
454 2454 585 2514 quaeso,
600 2440 753 2514 nimioque
767 2440 892 2513 ignosce
905 2439 1013 2501 timori.

217 2528 228 2540 '
285 2522 473 2597 Tranquillas
488 2522 578 2582 etium
592 2522 873 2597 nquiragus'horret
886 2530 993 2598 aquas.

244 2604 299 2679 Qui
314 2607 408 2666 semel
423 2612 470 2665 est
482 2606 585 2666 laesus
600 2607 701 2666 ialluci
715 2606 809 2680 piscia
824 2606 863 2665 ab
876 2606 977 2680 hamc,

162 2742 166 2749 .
195 2703 230 2756 10
281 2686 426 2749 Omnibus
440 2704 525 2749 unca
532 2690 610 2750 cibis
624 2705 697 2749 aera
710 2688 841 2749 subesse
854 2696 947 2766 patet.

244 2769 344 2846 Saepe
358 2787 464 2832 canem
477 2774 567 2848 longe
580 2773 681 2833 visum
695 2760 877 2848 turritaque,
891 2773 1060 2846 lupumque

285 2854 398 2927 Credit,
414 2863 443 2915 et
457 2857 526 2932 ipsc
539 2873 626 2917 suam
641 2857 745 2917 nescia
756 2856 830 2917 vitat
844 2870 947 2930 opem.¹
988 2886 991 2893 ·

171 3014 175 3019 ᾗ
241 2936 377 2996 Membra
389 2939 584 3000 reformidant
597 2941 718 3001 mollem
732 2955 855 3016 quoque
869 2937 974 2998 saucia
986 2944 1113 2998 iectumr

238 3064 241 3069 .
282 3019 432 3095 Vanaque
445 3023 581 3083 sollicitis
595 3024 699 3084 incutit
711 3022 818 3085 umbra
831 3028 952 3082 metum.

194 3115 227 3168 15
241 3102 292 3163 Sic
307 3118 364 3176 ego
379 3103 516 3163 iortunue
529 3107 597 3166 telis
616 3108 756 3167 confixus
770 3105 882 3179 iniquis
957 3112 959 3117 “

281 3185 407 3245 Pectore
421 3187 566 3262 concipio
576 3190 617 3249 nil
630 3191 690 3249 nisi
703 3191 788 3249 triste
801 3197 894 3248 meo.⁴
927 3196 930 3201 ’

239 3269 303 3328 lam
316 3268 388 3328 mihi
403 3268 567 3345 late-liquet
581 3279 708 3346 coeptos
723 3271 875 3331 servantia
888 3286 997 3332 cursus

280 3350 338 3410 Per
352 3352 409 3411 sibi
425 3360 586 3414 consuetas
601 3370 721 3430 semper
735 3356 812 3414 itura
825 3354 907 3415 viasz
921 3366 922 3371 ¹

243 3432 415 3496 Observare
429 3436 522 3512 deos,
538 3453 577 3496 ne
592 3438 666 3515 quid
678 3438 751 3500 mibi
766 3438 856 3501 eadat
869 3439 980 3501 emices
