2602 3816
477 211 536 290 IV,
558 210 592 288 1,
614 209 732 289 dila-8,
752 210 783 274 5.
864 225 867 231 ’

212 364 341 426 Pectora
354 361 400 423 sle
413 377 483 427 mea
497 370 568 425 sunt
581 362 652 423 limo
664 362 772 424 uitiata
784 364 942 440 malorum,
1000 390 1015 435 ,·

162 456 198 511 20
251 447 289 508 Et
302 461 424 506 emman
438 462 518 507 verre
532 446 716 522 pauperiore
731 446 805 507 linit.

213 529 246 597 Si
260 531 329 605 quis
345 531 375 590 in
391 528 449 588 nee
463 529 569 604 ipsum.
578 530 665 595 terra
672 531 830 604 posuisset
842 531 1017 601 Homerum,

252 613 358 684 Esset,
375 613 466 672 erede
480 612 568 689 rnilri,
580 614 728 673 'faetus'et
739 613 790 672 ille
805 614 908 674 Getes.
949 662 952 667 4

212 697 259 757 Da
274 696 393 756 veniam
406 696 508 767 fasso,
524 695 634 756 'studita
648 711 773 771 quoque
787 698 873 757 irena
883 696 1003 757 remisi:
1104 712 1109 718 ¹

251 779 377 840 Ducitur
390 782 420 837 et
434 778 537 853 digitis
552 780 652 839 littera
663 794 733 838 rara
745 781 832 840 meis.
857 804 860 815 =

161 868 198 922 ‘tt
211 863 344 938 Impetus
359 862 409 921 ille
424 866 527 936 saeer‘,
543 861 594 937 qui
608 866 711 922 vatum
719 871 851 937 pectora
864 864 963 938 nutrit,

254 944 309 1019 Qui
324 944 408 1020 prius
423 945 456 1004 in
469 944 558 1005 nobis
573 959 644 1005 esse
658 944 797 1020 solebat,
808 947 905 1008 abest.
941 978 944 997 ι

211 1028 274 1089 Vix
288 1029 370 1088 venit
382 1027 424 1087 od
438 1035 557 1103 partes,
572 1028 625 1087 vix
640 1032 780 1103 sumptae
792 1030 882 1090 Musa
896 1028 1025 1093 tabellae

250 1111 374 1187 Inponit
385 1110 490 1187 pigras
507 1126 605 1187 paene
619 1117 727 1170 ooaeta
736 1128 855 1173 manus.
940 1140 944 1153 1

211 1194 384 1270 Parvaque,
400 1210 439 1254 ne
454 1195 553 1254 dicam
567 1193 719 1254 scribendi
733 1197 815 1256 nulla
825 1197 969 1273 voluptas

162 1288 201 1343 30
251 1277 307 1338 Est
320 1278 402 1337 milri.
431 1293 488 1341 nec
501 1277 634 1337 numeris
649 1278 880 1351 nectereverba
893 1281 986 1340 iuvat.

215 1360 287 1421 Sive
302 1361 386 1436 quod
400 1360 471 1420 hino
485 1362 601 1421 iruetus
612 1360 696 1419 adeo
709 1376 773 1420 non
787 1362 924 1438 cepimus
937 1363 1027 1435 ulos

253 1443 435 1519 Principium
449 1445 548 1504 nostri
561 1459 612 1504 res
629 1444 667 1503 sit
679 1449 712 1504 ut
725 1443 784 1504 isla
797 1446 915 1505 malis·¹⁴
936 1468 961 1503 1:

214 1524 287 1588 Sive
302 1527 385 1602 qnod
399 1526 773 1587 inteneonenumerosos
788 1544 904 1602 ponere
919 1542 1054 1603 messus,

254 1609 404 1685 Quodque
419 1610 508 1684 legas
519 1610 592 1670 nulli
602 1609 743 1670 *seribere
757 1614 893 1693 parmen,
909 1612 991 1673 idem
1005 1618 1061 1671 est.

163 1700 199 1754 35
211 1692 331 1754 Excitat
346 1692 466 1754 auditor
480 1693 628 1765 studium,
643 1693 827 1767 laudataque
839 1696 936 1754 uirtus
1016 1702 1022 1753 ζ

255 1776 383 1851 crescit,
397 1785 430 1837 et
442 1776 612 1837 inmensum
625 1776 722 1850 gloria
736 1778 836 1837 aaloar
848 1777 960 1837 habet:
984 1806 987 1813 ·
1005 1804 1008 1813 ·
1023 1814 1026 1825 ·

213 1858 270 1920 Hie
284 1875 352 1920 mea
367 1860 414 1921 aui
428 1862 505 1922 reeit
492 1868 553 1922 tem
566 1860 625 1920 nisi
640 1857 1007 1935 ssavlstsoriptodolallis,

132 2020 136 2025 .
257 1942 401 2018 Quasque
415 1944 492 2011 alias
506 1952 611 2019 gentes
625 1945 774 2005 barbarus
787 1943 889 2005 Hister
902 1943 1015 2004 habeti

215 2024 278 2087 Sed
293 2027 367 2101 quid
380 2027 474 2088 solus
481 2042 584 2126 agam,
606 2043 729 2104 quaque
743 2028 876 2090 infelicia
887 2028 1016 2106 perdant

163 2124 200 2177 40
257 2107 324 2170 Otia
337 2112 463 2170 materia
476 2111 697 2187 surripiamque
712 2112 852 2171 diemn

213 2191 289 2252 Nam
306 2194 377 2268 quia
391 2209 452 2253 neo
462 2196 581 2267 vinum
596 2212 654 2256 nee
668 2210 717 2257 me
730 2201 821 2255 tenet
825 2196 893 2256 elea
906 2194 1007 2267 inllnx,

254 2275 313 2336 Per
327 2292 405 2352 quae
419 2278 497 2337 elam
511 2279 631 2338 teritum
644 2286 780 2422 tempus
779 2279 863 2339 abire
878 2280 964 2350 solet,

214 2358 277 2418 Neo
290 2374 369 2418 me...
385 2361 469 2434 quod
483 2376 641 2436 euperem,
656 2362 683 2422 si
697 2377 754 2439 per
766 2363 831 2424 iera
845 2362 925 2423 bella
938 2363 1071 2422 liceret...

257 2439 392 2502 Oblectet
406 2445 487 2504 cultu
500 2450 582 2504 term
594 2453 706 2519 novata
720 2460 786 2516 sno,

165 2534 200 2589 45
216 2524 308 2599 Quid,
322 2525 382 2585 nisi
394 2525 546 2601 Pierides,
561 2528 679 2601 solacia
689 2528 813 2604 frigida,
826 2535 950 2600 restant,

77 2606 83 2619 '
253 2607 319 2669 Non
334 2608 414 2668 bene
426 2609 466 2669 de
480 2610 568 2679 nobis
584 2616 663 2686 quae
676 2627 813 2673 meruere
827 2612 925 2671 deaet

214 2693 254 2751 At
267 2698 314 2765 tu,
330 2692 378 2752 cui
391 2690 503 2753 bibitur
515 2694 633 2755 felicius
645 2695 764 2767 ‚lenius
780 2695 858 2764 fons,
975 2716 978 2727 ¹

254 2775 372 2836 Utiliter
385 2775 518 2836 studium
533 2779 616 2852 quod
630 2777 683 2838 tibi
698 2777 791 2852 aedit,
806 2788 883 2849 arna,
985 2784 988 2789 ⁴
1061 2818 1065 2831 ,

216 2855 371 2934 Sacraque
383 2858 544 2921 illusarum
552 2860 749 2923 meritoeolo.
779 2858 1081 2935 quodquelegamus,

167 2947 203 3001 50
256 2937 322 3002 lluo
338 2943 462 3019 aliquod
477 2952 567 3004 uuae
582 2944 664 3019 mitte
677 2942 810 3003 recentis
824 2957 914 3018 opus.

533 3048 733 3077 edun-qnantu—

153 3071 195 3162 3ο
215 3071 415 3183 conqueror,
431 3114 621 3169 anteteamt
646 3122 759 3183 ponunt
773 3109 839 3170 sine
854 3112 975 3185 nornine
989 3109 1113 3186 crimen,

256 3192 305 3250 An
320 3198 440 3266 notum,
456 3191 579 3266 qui-sis,
593 3190 734 3270 omnibus
749 3208 819 3255 esse
833 3195 945 3255 veiimt
994 3240 997 3249 .

215 3272 343 3335 Nomine
357 3282 513 3344 narrator,
528 3291 567 3335 ne
575 3276 793 3337 commendere
808 3280 1003 3353 querella
1051 3298 1054 3309 ·

255 3356 481 3433 Quaeraturque
495 3358 548 3419 tibi
562 3361 693 3421 carmine
705 3360 794 3421 loma
802 3375 880 3421 meo.
963 3406 976 3419 ,.

186 3450 203 3502 5
218 3440 376 3625 Durffinea
389 3441 503 3519 puppis
518 3452 583 3505 erat
597 3444 696 3506 valida
710 3444 1044 3590 lundutueatlign,

174 3539 245 3583 ovro

392 3700 409 3731 ἢ
