2598 3812
455 184 496 258 ΙΙ,
517 181 554 256 9,
576 181 716 261 sat—to,
737 183 789 249 35.

122 349 218 450 stt·
244 384 417 451 uncae.

207 467 333 584 Ecquid
347 506 386 566 ab
397 508 570 583 impressae
584 510 748 584 cognoscis
763 508 894 585 imagine
907 524 999 572 cerae
1047 538 1050 547 Δ

247 591 331 651 Haeo
345 589 399 651 tibi
413 591 568 655 Nasonem
582 594 717 654 scribere
732 591 840 667 verbe,
856 587 978 655 Meoert

204 674 409 750 Auctorisque
423 674 472 736 sui
486 675 512 736 si
526 688 588 737 non
603 684 651 737 est
665 678 773 738 anulus
789 674 890 749 index,

247 758 413 832 cognitone
426 764 475 819 est
488 765 593 820 nostra
606 759 705 820 littero
718 761 799 820 tacta
811 766 923 820 monui

176 842 255 901 sen
270 841 324 903 tibi
338 841 474 902 notitiam
487 857 573 902 mora
586 843 732 919 temporis
747 844 836 918 eripit
849 844 966 916 horum,

169 976 174 988 ,
246 925 309 985 Nec
322 932 462 1001 repetunt
475 926 556 986 oculi
571 925 660 1000 signa
672 933 794 987 vetusta
806 928 871 987 tuis

153 1014 157 1027 ’
206 1006 255 1069 Sis
274 1008 345 1069 lieet
359 1006 470 1069 obiitus
485 1010 597 1085 pariter
610 1024 809 1085 gemmaeque
823 1026 1002 1086 manusque,
1088 1048 1091 1065 .

246 1091 650 1154 Exciderittantumne‘tibi
665 1094 820 1152 ouramei.
981 1106 986 1119 “

86 1194 89 1199 ’
206 1173 301 1250 Quem
316 1183 349 1235 tu
362 1177 412 1236 vei
427 1177 510 1251 tongi
528 1176 624 1237 debes
640 1176 831 1236 convictibus
845 1177 924 1251 aevi,

157 1273 193 1326 ιο
246 1260 304 1319 Vel
317 1274 387 1320 mea
400 1261 632 1336 quodxconiunx
647 1277 708 1320 non
724 1260 823 1320 atiena
836 1261 899 1335 tibi,

205 1342 262 1403 Vel
277 1343 403 1417 studiis,
422 1342 533 1420 quibos
550 1360 600 1418 es,
617 1359 706 1418 quam
722 1359 796 1417 nos,
813 1344 982 1419 sapientius
998 1362 1083 1418 usus,
1118 1401 1119 1405 ,

245 1427 346 1503 thue
359 1427 464 1500 decet,
482 1429 564 1487 nulla
578 1429 675 1486 iactus
695 1442 730 1486 es
746 1428 822 1487 Arte
834 1443 959 1501 nocens.

204 1510 249 1571 Tu
263 1510 348 1570 canis
363 1517 486 1570 aeterno
502 1509 648 1585 quicquid
662 1509 796 1570 restabat
812 1510 953 1584 Homero,

245 1592 290 1653 Ne
305 1601 429 1654 careant
446 1609 564 1653 summo
575 1593 685 1653 Troica
697 1593 777 1653 betta
791 1610 891 1655 noenu.

155 1676 287 1738 lilioso
304 1692 411 1750 parum
424 1678 577 1753 prudens,
596 1684 690 1737 artem
705 1677 775 1737 dum
790 1677 882 1738 tradit
897 1677 1028 1752 amandi,

245 1761 408 1822 Doctrinae
423 1762 551 1836 pretium
565 1761 651 1820 triste
664 1759 807 1835 magister
822 1760 922 1820 habet.

205 1842 283 1906 Sunt
297 1850 397 1903 tamen
412 1844 490 1904 inter
502 1859 537 1904 se
552 1843 723 1904 communia
738 1858 827 1904 sacra
840 1844 949 1919 poetis,

246 1928 408 1988 Diversum
423 1928 563 2003 quamvis
578 1928 710 2003 quisquo
725 1940 889 2009 sequamur
902 1928 967 1987 iter.

206 2010 337 2087 Quorum
347 2018 378 2070 te
389 2025 560 2085 memorem,
573 2026 757 2086 quamquam
768 2012 875 2086 procui
885 2011 1041 2086 absumus,
1056 2025 1127 2073 esse

41 2144 50 2172 ,
153 2107 191 2162 20
246 2093 409 2169 Suspicor,
425 2102 562 2157 etcasus
582 2095 660 2154 vote
674 2096 776 2154 muare
790 2110 886 2156 meos.
974 2112 984 2133 ·

206 2178 248 2240 Te
264 2178 343 2238 duce
359 2174 536 2252 magnificas
550 2178 645 2239 Asiae
658 2179 874 2253 perspeximus
888 2175 995 2243 urbest

247 2260 400 2322 Trinacris
418 2268 466 2322 est
482 2263 581 2323 ocutis
592 2269 623 2322 te
638 2263 717 2322 duce
731 2269 803 2325 nota
814 2263 904 2322 meis.

204 2345 345 2407 Vidimus
358 2347 496 2406 Aetnaea
510 2346 628 2406 caetum
643 2346 861 2421 splendescere
877 2344 1008 2416 flamme,
1032 2371 1037 2377 ¹

248 2427 432 2504 Subpositus
446 2430 540 2491 monti
559 2446 650 2504 quam
665 2429 760 2490 vomit
773 2445 827 2490 ore
840 2430 965 2505 gigansr

155 2517 192 2572 25
204 2511 429 2587 Hennaeosque
444 2514 531 2573 lacus
545 2520 576 2573 et
592 2513 701 2573 olentis
715 2520 824 2587 stagna
835 2512 937 2585 Palici,
1035 2568 1039 2572 .

249 2596 375 2672 Quoque
390 2595 455 2656 suis
471 2595 594 2673 cyaneo
613 2596 721 2656 miscet
734 2599 863 2671 Anapus
878 2595 977 2669 aquis.

206 2677 269 2741 Nec
284 2680 393 2756 procul
407 2679 479 2740 hinc
492 2679 629 2759 nympha
647 2685 710 2753 est,
727 2694 819 2753 qaae,
839 2678 917 2737 dum
938 2678 1013 2752 sugit
1028 2676 1127 2740 Elidis

795 2775 924 2834 amnem,

247 2847 339 2906 Tecta
352 2847 410 2907 sub
423 2860 580 2920 aequorea
591 2860 672 2906 nunc
687 2858 812 2920 quoque
826 2845 918 2905 currit
932 2860 1023 2920 aqua.

205 2927 261 2988 Hie
275 2930 347 2989 mihi
365 2929 495 2993 labentis
514 2944 586 3004 pens
603 2929 673 2989 anni
688 2942 799 3002 magua
812 2938 937 3002 peracta
950 2937 1007 2990 est

160 3019 197 3076 30
249 3012 349 3073 Eheu!
366 3028 457 3088 quam
472 3011 578 3086 disper
590 3019 638 3072 est
652 3012 739 3072 locos
751 3012 802 3072 itte
815 3011 915 3081 Getis!

204 3095 243 3154 Et
257 3102 351 3169 quota
366 3111 439 3171 pars
453 3095 530 3154 haec
544 3102 615 3155 sont
627 3111 743 3165 rerum,
761 3111 839 3170 quas
852 3096 984 3157 vidinms
1000 3090 1100 3170 ambo,

246 3178 287 3238 Te
300 3178 374 3239 nont
386 3178 536 3239 iucundas
552 3177 703 3238 efficiente
717 3178 800 3238 visst
886 3218 894 3243 .

206 3259 269 3322 Seu
281 3268 346 3322 rate
363 3262 521 3323 caeruleos
536 3262 617 3336 picta
630 3261 817 3323 sulcavimus
830 3262 939 3335 landas,

247 3344 368 3405 Esseda
383 3360 442 3405 uos
455 3343 527 3419 agili
542 3345 608 3405 sive
622 3345 718 3405 tulere
731 3352 814 3406 rotet

152 3433 188 3490 tto
202 3426 303 3504 Saepe
315 3427 419 3489 brevis
432 3428 522 3489 uobis
535 3427 654 3489 vicibus
670 3427 722 3491 via
734 3429 803 3489 visa
815 3426 976 3502 loquendis
