2598 3812
119 226 122 229 ·
153 207 215 272 roa
290 292 293 297 ξ
578 203 725 267 rnints

273 357 475 431 Funereoque
486 370 598 430 graves
614 354 710 416 edidit
722 371 777 416 ore
789 370 896 418 sonos.
1030 402 1032 407 ,

235 441 376 502 Protinus
388 439 574 501 Eumenides
588 441 693 499 lavere
708 440 895 513 palustribus
910 439 1010 514 undis,

272 525 336 599 Qua
351 539 427 582 aava
443 523 481 581 de
497 521 613 599 Stygiis
627 522 759 583 fluxerat
772 523 857 585 unda
869 523 967 596 vadis,

173 612 225 672 115
235 607 422 681 Pectoraque
436 612 589 667 unumunt
601 604 737 669 Erebeae
751 607 822 665 tetta
836 606 990 678 colubrae,

275 690 394 764 Terque
408 695 579 751 cruentatas
594 688 772 764 increpuere
786 704 903 751 manus.

235 773 423 847 Gutturaque
436 770 606 831 imbuerant
620 771 745 833 infantie
760 772 838 833 laete
852 772 960 832 canino
1056 848 1059 853 Ι

180 864 185 875 ·
236 904 239 915 .
275 856 332 915 Hie
345 856 460 931 primus
474 856 561 929 pueri
575 854 703 917 venitin
718 871 773 917 ora
786 855 889 917 ribus:

235 938 365 998 Perbibit
379 938 451 999 inde
465 953 541 998 mae
554 937 670 997 rabiem
684 938 811 999 nutricis
826 939 976 1012 alumnus,

173 1031 225 1086 23⁰
274 1022 375 1081 Latrat
389 1029 419 1083 et
432 1022 463 1079 in
477 1028 541 1081 toto
554 1021 650 1081 verba
664 1023 774 1081 canina
788 1022 891 1082 toro...

233 1104 430 1179 Membraque
443 1104 606 1165 vinxerunt
618 1104 718 1165 tinctis
734 1105 886 1180 ferrugine
899 1104 1018 1180 perinte,

173 1216 175 1219 .
272 1189 301 1247 A
314 1189 392 1246 male
407 1188 528 1247 deserto
545 1202 625 1262 quos
638 1203 768 1262 rapuere
780 1203 874 1261 rogor

234 1271 271 1333 Et
283 1286 322 1330 ne
335 1287 396 1332 non
411 1271 517 1330 fultum
531 1271 614 1331 anda
626 1271 732 1345 tellure
746 1271 868 1342 iaceret,

273 1354 364 1415 Molle
379 1369 471 1428 super
485 1354 586 1415 silices
601 1354 766 1429 inposuere
780 1360 881 1428 caput.

171 1445 222 1502 235
234 1437 357 1513 Iamque
370 1452 550 1497 recessurae
563 1438 653 1497 viridi
668 1437 708 1497 de
721 1437 823 1511 stipite
838 1438 935 1497 tactem
1013 1498 1018 1505 ,

273 1520 444 1583 Admorunt
457 1521 555 1582 oeulis
568 1536 670 1595 usque
685 1521 743 1581 sub
757 1535 812 1580 ora
825 1521 920 1580 sacas.

231 1603 346 1676 Flebat,
366 1611 399 1664 ut
413 1610 460 1663 est
473 1604 573 1664 intans
588 1605 678 1665 sumis
693 1611 851 1664 contactus
866 1603 992 1665 amans:

271 1686 316 1747 De
329 1687 426 1749 tribus
440 1694 488 1751 est
501 1703 571 1748 eum
584 1688 630 1747 sia
644 1704 705 1747 una
718 1688 820 1747 locuta
835 1702 938 1748 soror:

233 1771 376 1846 <Tempus
390 1771 421 1833 in
435 1770 604 1833 inmensum
618 1770 827 1830 lacrimastibi
840 1770 990 1831 movimus
1003 1768 1089 1843 istas,

170 1863 223 1918 240
274 1854 357 1928 Quae
372 1869 493 1929 semper
507 1870 602 1915 eausa
618 1853 788 1913 sufficiente
802 1852 933 1915 cadent’

233 1939 365 2001 Dixerat.
398 1944 427 1997 et
442 1937 546 1997 Clotho
561 1937 650 1996 iussit
663 1936 816 2010 promissa
829 1936 943 2008 valere,

274 2021 363 2083 Nevit
373 2027 405 2079 et
415 2020 528 2081 intesta
542 2019 671 2079 stamina
685 2019 768 2093 putta
781 2034 882 2093 manu,
992 2047 994 2053 ⁴

233 2104 270 2163 Et
283 2119 322 2162 ne
335 2105 428 2176 longe
442 2119 499 2162 suo
513 2103 675 2177 praesagia
687 2102 802 2161 diceret
816 2117 879 2176 ore,

274 2186 359 2245 ‘Fata
374 2192 461 2249 canat
475 2192 561 2245 vetes
577 2186 629 2258 qui
642 2188 715 2258 tua',
737 2184 820 2244 dixit
828 2186 923 2246 terite.

171 2270 286 2333 1451111
299 2285 357 2343 ego
371 2282 439 2331 snm
451 2274 548 2328 vates.
582 2284 621 2327 ex
635 2282 684 2327 me
697 2275 749 2327 tua
762 2269 890 2328 vulnera
904 2267 1017 2345 disces,

271 2353 308 2414 Di
322 2351 416 2411 modo
430 2352 502 2410 dent
515 2352 596 2410 vires
611 2352 642 2411 in
656 2352 832 2410 meaverba
846 2367 929 2413 suas.

148 2445 151 2451 '
232 2434 481 2509 Carminibusque
495 2434 571 2493 meis
586 2434 734 2494 accedent
747 2434 887 2508 pondera-
898 2449 1007 2508 rmuru,

275 2519 357 2593 Quae
370 2525 437 2577 rata
451 2533 506 2592 per
517 2519 618 2577 'tuctus
633 2518 792 2592 experiare
805 2519 885 2578 tuos,

231 2603 315 2663 Neve
329 2601 396 2661 sine
411 2601 559 2675 exemptis
573 2600 642 2660 aevi
657 2600 792 2661 cruciere
806 2600 934 2675 prioris=

169 2693 222 2753 250
272 2684 337 2745 Sint
350 2692 402 2747 tua
414 2684 551 2744 Troianis
565 2700 627 2744 non
641 2684 757 2747 leviora
770 2683 869 2743 malis.

232 2769 409 2844 Quanmque
423 2768 566 2842 clavigeri
579 2767 740 2831 Poeantius
755 2766 896 2826 Herculis
908 2765 1007 2847 beree,

271 2851 364 2911 Tanta
378 2858 529 2925 venenato
543 2852 669 2912 vulnera
683 2865 770 2909 crure
783 2865 883 2923 geras.

230 2934 292 2995 Nee
306 2934 405 2993 levius
420 2934 537 3008 dolens,
559 2949 650 3010 quam
666 2933 718 3009 qui
731 2932 807 2993 bibit
819 2933 913 2992 ubera
927 2945 1045 3004 cervae,

272 3017 447 3090 Armatique
461 3018 527 3079 tulit
540 3013 659 3092 vulnus,
681 3016 804 3091 inermis
819 3032 919 3090 opem.

169 3109 221 3163 255
232 3101 349 3175 Quique
362 3099 400 3159 ab
417 3115 498 3174 equo
512 3116 663 3176 praeceps
678 3100 710 3158 in
722 3101 812 3160 Aleia
825 3099 938 3159 decidit
951 3112 1034 3171 arva,

270 3182 370 3244 Exitio
384 3182 479 3242 facies
494 3183 542 3242 cui
556 3200 614 3243 sua
627 3198 727 3259 paene
741 3182 805 3243 suit.

230 3266 273 3338 Id,
297 3266 380 3340 quod
392 3266 626 3342 Amyntorides,
648 3264 773 3338 videas,
794 3262 1008 3339 trepidumque
1020 3259 1155 3325 ministro

137 3402 147 3419 ,
246 3398 249 3403 2
270 3347 475 3423 Praetemptes
490 3348 600 3407 baculo
614 3346 735 3407 luminis
751 3346 843 3406 orbus
858 3346 923 3404 iter.

231 3430 294 3491 Nee
307 3432 379 3506 plus
396 3431 538 3507 aspicies,
561 3445 653 3506 qnam
667 3443 757 3504 quem
772 3443 829 3491 sua
842 3427 905 3491 filia
917 3427 1004 3500 rexit,
