2598 3812
162 240 224 308 130
555 236 614 301 EX
639 234 785 300 PONTO

245 394 286 455 At
299 392 361 466 tibi,
379 405 435 451 rex
449 402 536 466 aeva,
558 390 653 466 detur,
674 389 966 464 fortissimarum,

229 484 231 491 ⁴
253 482 255 488 '
286 477 415 552 Semper
427 474 576 535 honorata
590 480 712 550 sceptra
724 482 827 534 tenere
840 491 941 534 manu.

245 562 363 636 Teque,
394 559 478 634 quod
500 564 530 618 et
553 564 739 634 praestat,...
767 556 840 634 quid
867 558 946 617 enirn
972 556 1026 619 tihi
1051 556 1171 634 plenius

287 642 475 704 Martiarum
483 656 593 717 magno
606 641 737 701 caesare
747 640 970 718 Remaprcbet.
1000 642 1170 719 [optemt...

202 739 240 807 ¹25
252 727 315 789 Sed
328 741 444 787 rnenror
457 725 540 786 unde
554 724 623 799 abii,
646 739 765 799 queror,
788 740 807 784 ο
821 725 952 785 iocunde
967 725 1092 803 sodalis,

288 810 445 871 Accedant
458 808 570 868 nostris
584 822 685 868 saeva
694 809 778 883 quod
793 808 985 869 armentalis.

247 895 287 956 Ut
300 909 390 954 careo
404 893 502 964 vobis,
525 890 648 970 Stygias
663 891 805 952 detrusus
818 892 849 951 iu
864 904 944 966 eras,

288 977 433 1052 Quattuor
446 977 605 1035 autumnos
619 974 718 1035 Pleias
734 982 799 1036 orta
811 975 893 1035 tacit.
917 1008 922 1017 ·

247 1062 309 1121 Nec
322 1067 355 1121 tu
369 1058 534 1118 credideris
548 1057 681 1119 murrae
696 1059 856 1119 commoda
868 1059 948 1120 vitae

207 1154 243 1209 30
293 1144 443 1217 Quaerere
454 1141 616 1201 Nasonem.
650 1143 767 1218 quaerit
781 1143 874 1202 etilla
887 1149 997 1202 tamen·

248 1228 324 1288 Nam
338 1225 430 1285 ruodo
444 1241 501 1285 vos
516 1226 617 1285 anima
632 1224 737 1285 dulces
751 1225 928 1286 reminiscor
942 1223 1039 1300 amici,

289 1311 374 1370 Nunc
387 1309 459 1368 mihi
474 1324 542 1369 cum
556 1323 628 1368 cara
642 1309 771 1383 coniuge
784 1316 855 1369 nata
869 1309 964 1370 subita

250 1394 340 1470 Aque
354 1392 446 1452 dorna
459 1408 565 1452 rursus
580 1391 723 1468 pulchrae
739 1393 806 1452 loca
823 1399 925 1452 vertor
939 1392 978 1452 ad
991 1389 1090 1467 Urbis,

292 1477 466 1553 Cunctaque
480 1491 566 1535 mens
582 1475 677 1535 oculis
692 1476 832 1551 pervidet
843 1492 900 1536 usa
915 1477 988 1536 suis.

210 1567 244 1622 35
254 1560 339 1620 Nune
353 1560 429 1634 lora,
450 1560 648 1633 nuncacdes,
670 1575 751 1620 nunc
764 1572 913 1620 marmore
927 1566 1005 1620 tecta
1017 1556 1143 1633 theatra,

291 1644 376 1704 Nunc
391 1642 471 1703 subit
485 1650 614 1718 aequata
627 1642 874 1718 porticus'cmuis
887 1643 993 1703 humo:
1008 1662 1016 1692 ι

252 1727 394 1787 Gramina
406 1743 487 1788 nunc
502 1727 606 1802 Campi
621 1727 764 1802 pulchros
780 1727 945 1802 spectantis
960 1728 990 1787 in
1004 1726 1117 1803 hortos,

292 1810 464 1886 stagnaque
480 1816 509 1870 et
521 1810 628 1885 euripi,
649 1809 870 1885 Virgineusque
884 1810 991 1885 liquor.
1040 1804 1044 1817 ⁴
1076 1866 1081 1883 ,

251 1896 300 1967 At,
322 1901 404 1970 puto,
427 1883 471 1953 sic
484 1893 575 1953 Urbis
590 1893 702 1952 misero
717 1899 764 1952 est
778 1901 882 1968 erepta
894 1894 1046 1970 voluptas,

203 1984 239 2038 tu
293 1977 431 2051 Quolibet
444 1983 477 2036 ut
491 1975 597 2035 saltem
611 1992 680 2035 rure
695 1976 752 2036 lrui
766 1977 876 2037 licestt

219 2078 221 2081 ·
251 2062 318 2121 Non
332 2076 418 2119 meus
432 2060 564 2119 amireos
580 2059 697 2125 artimus
713 2061 866 2120 desiderat
880 2076 980 2135 agros,

292 2143 437 2218 Ruraque
450 2142 574 2216 Peligna
590 2143 808 2218 conspicienda
822 2144 899 2217 selo,

252 2226 314 2287 Nec
332 2241 410 2301 quos
425 2226 560 2300 piniferis
575 2227 695 2301 positos
709 2227 740 2285 in
756 2226 882 2287 collibus
895 2227 1001 2288 honos
1112 2228 1115 2235 ’

250 2314 255 2327 “
295 2308 418 2385 Spectat
431 2309 595 2368 Flaminiae
610 2309 715 2371 Clodia
728 2311 829 2371 iuncta
842 2311 920 2370 viae.

203 2404 238 2458 45
255 2393 339 2467 Quos
352 2407 410 2467 ego
425 2393 529 2453 neseio
545 2394 594 2452 cui
608 2393 708 2467 colui*
721 2394 831 2469 quibus
845 2396 913 2468 ipse
926 2395 1060 2454 solebam
1176 2459 1180 2467 s

276 2494 278 2500 ·
294 2477 344 2536 Ad
358 2482 425 2536 sata
439 2476 588 2550 lucunas,
607 2492 664 2537 nec
678 2478 780 2553 pudet,
802 2478 916 2538 addere
929 2493 1040 2552 aquas:

254 2559 329 2620 Sunt
342 2559 404 2634 ubi,
425 2561 452 2618 si
466 2560 580 2634 vivunt,
603 2566 707 2621 nestra
722 2574 844 2637 quoque
858 2563 976 2626 consita
990 2562 1147 2636 quaedam,

294 2643 357 2703 Sed
370 2661 431 2706 non
446 2650 476 2703 et
489 2649 593 2703 nostra
607 2658 699 2719 poma
713 2645 842 2719 legenda
856 2640 955 2706 manu
1018 2676 1022 2688 ι

253 2727 311 2786 Pro
327 2726 436 2802 quibus
450 2727 572 2787 amissis
586 2729 700 2787 utinam
715 2724 888 2802 contingere
901 2728 1002 2803 pessit
1076 2742 1084 2753 ¹

213 2820 247 2872 50
296 2809 352 2869 llic
368 2811 475 2871 saltent
489 2811 620 2887 profugo
635 2810 724 2886 gleba
737 2811 866 2873 colenda
877 2812 964 2871 mihil
981 2850 984 2853 -

254 2892 325 2968 lps'e
338 2907 397 2968 ego
410 2895 580 2969 pendentis,
600 2895 689 2954 liceat
702 2895 814 2969 mode,
826 2890 903 2969 rupe
917 2894 1060 2969 capellas,

294 2975 365 3050 Ipse
381 2977 469 3036 velim
483 2976 592 3038 baculo
605 2992 735 3054 pascere
747 2978 837 3038 nixus
852 2990 937 3037 eves.

254 3059 325 3135 lpse
339 3072 405 3133 ego,
425 3072 464 3118 ne
480 3061 577 3120 solitis
592 3062 732 3121 insistant
746 3068 870 3137 pectora
884 3059 973 3134 curis,
1049 3122 1054 3125 .

296 3141 411 3202 Ducam
424 3143 570 3215 ruricolas
586 3143 644 3204 sub
659 3145 730 3220 iuga
745 3160 837 3204 curva
849 3143 956 3202 beves.
1049 3146 1055 3167 ¹

214 3233 248 3287 55
258 3225 297 3284 Et
311 3225 427 3285 discam
441 3225 535 3285 Getici
550 3240 629 3302 quac
643 3235 753 3288 namnt
767 3227 861 3300 verba
875 3227 1003 3301 iuvenci,
1048 3240 1052 3309 ζ
1132 3244 1136 3253 ·

294 3308 449 3369 Adsuetas
463 3308 521 3368 illis
537 3310 729 3384 adiciamque
740 3310 848 3369 minas.
899 3306 901 3309 ’
1011 3328 1017 3339 ’

203 3405 206 3412 ·
249 3391 326 3466 lpse
339 3406 433 3452 manu
446 3392 587 3467 capulum
600 3393 701 3468 pressi
715 3393 889 3453 moderatus
903 3395 993 3455 aratri

295 3473 444 3549 Experiar
456 3482 538 3538 mota
553 3491 698 3552 spargere
713 3490 816 3537 semen
831 3477 932 3538 humo.
