<?xml version="1.0" encoding="UTF-8"?>
<!DOCTYPE html PUBLIC "-//W3C//DTD XHTML 1.0 Transitional//EN"
    "http://www.w3.org/TR/xhtml1/DTD/xhtml1-transitional.dtd">
<html xmlns="http://www.w3.org/1999/xhtml" xml:lang="en" lang="en">
 <head>
  <title>
</title>
<meta http-equiv="Content-Type" content="text/html;charset=utf-8" />
  <meta name='ocr-system' content='tesseract 3.04.00' />
  <meta name='ocr-capabilities' content='ocr_page ocr_carea ocr_par ocr_line ocrx_word'/>
</head>
<body>
  <div class='ocr_page' id='page_1' title='image "./povidiusnaso00merkgoog_0148.png"; bbox 0 0 2598 3812; ppageno 0'>
   <div class='ocr_carea' id='block_1_1' title="bbox 475 185 775 263">
    <p class='ocr_par' dir='ltr' id='par_1_1' title="bbox 475 185 775 263">
     <span class='ocr_line' id='line_1_1' title="bbox 475 185 775 263; baseline 0.027 -16"><span class='ocrx_word' id='word_1_1' title='bbox 475 189 498 260; x_wconf 86' lang='grc' dir='ltr'>Ι,</span> <span class='ocrx_word' id='word_1_2' title='bbox 520 185 564 263; x_wconf 82' lang='lat'>9,</span> <span class='ocrx_word' id='word_1_3' title='bbox 562 187 703 262; x_wconf 54' lang='lat' dir='ltr'>mvn-10.</span> <span class='ocrx_word' id='word_1_4' title='bbox 716 188 775 255; x_wconf 63' lang='grc'>36»</span> 
     </span>
    </p>
   </div>
   <div class='ocr_carea' id='block_1_2' title="bbox 43 326 558 467">
    <p class='ocr_par' dir='ltr' id='par_1_2' title="bbox 43 326 558 467">
     <span class='ocr_line' id='line_1_2' title="bbox 43 326 558 467; baseline -0.008 -34"><span class='ocrx_word' id='word_1_5' title='bbox 43 402 47 415; x_wconf 87' lang='lat'>·</span> <span class='ocrx_word' id='word_1_6' title='bbox 145 334 213 432; x_wconf 86' lang='lat' dir='ltr'>lt.</span> <span class='ocrx_word' id='word_1_7' title='bbox 271 326 494 467; x_wconf 71' lang='lat' dir='ltr'>anucco</span> <span class='ocrx_word' id='word_1_8' title='bbox 541 370 558 429; x_wconf 80' lang='grc'>’.</span> 
     </span>
    </p>
   </div>
   <div class='ocr_carea' id='block_1_3' title="bbox 119 444 1105 3325">
    <p class='ocr_par' dir='ltr' id='par_1_3' title="bbox 119 444 1105 3325">
     <span class='ocr_line' id='line_1_3' title="bbox 226 444 1032 582; baseline 0.005 -17"><span class='ocrx_word' id='word_1_9' title='bbox 226 469 315 567; x_wconf 80' lang='lat' dir='ltr'>Naso</span> <span class='ocrx_word' id='word_1_10' title='bbox 331 521 391 573; x_wconf 91' lang='lat' dir='ltr'>suo</span> <span class='ocrx_word' id='word_1_11' title='bbox 403 444 551 582; x_wconf 68' lang='lat' dir='ltr'>promens</span> <span class='ocrx_word' id='word_1_12' title='bbox 568 506 655 570; x_wconf 90' lang='lat' dir='ltr'>mlttit</span> <span class='ocrx_word' id='word_1_13' title='bbox 668 450 731 578; x_wconf 81' lang='lat' dir='ltr'>tibi,</span> <span class='ocrx_word' id='word_1_14' title='bbox 749 504 868 580; x_wconf 79' lang='lat' dir='ltr'>Flacce,</span> <span class='ocrx_word' id='word_1_15' title='bbox 882 480 1032 573; x_wconf 72' lang='lat' dir='ltr'>salutem:</span> 
     </span>
     <span class='ocr_line' id='line_1_4' title="bbox 265 589 1001 686; baseline 0 -36"><span class='ocrx_word' id='word_1_16' title='bbox 265 589 389 651; x_wconf 82' lang='lat' dir='ltr'>Mittere</span> <span class='ocrx_word' id='word_1_17' title='bbox 397 605 462 650; x_wconf 88' lang='lat' dir='ltr'>rem</span> <span class='ocrx_word' id='word_1_18' title='bbox 476 591 502 651; x_wconf 83' lang='lat' dir='ltr'>si</span> <span class='ocrx_word' id='word_1_19' title='bbox 519 591 597 666; x_wconf 85' lang='lat' dir='ltr'>quis,</span> <span class='ocrx_word' id='word_1_20' title='bbox 620 592 682 669; x_wconf 85' lang='lat' dir='ltr'>qua</span> <span class='ocrx_word' id='word_1_21' title='bbox 696 590 799 651; x_wconf 84' lang='lat' dir='ltr'>caret</span> <span class='ocrx_word' id='word_1_22' title='bbox 792 603 868 665; x_wconf 76' lang='lat' dir='ltr'>ipsa</span> <span class='ocrx_word' id='word_1_23' title='bbox 890 597 1001 686; x_wconf 77' lang='lat' dir='ltr'>potest</span> 
     </span>
     <span class='ocr_line' id='line_1_5' title="bbox 224 672 986 750; baseline 0.006 -17"><span class='ocrx_word' id='word_1_24' title='bbox 224 674 348 748; x_wconf 79' lang='lat' dir='ltr'>Longus</span> <span class='ocrx_word' id='word_1_25' title='bbox 363 674 444 733; x_wconf 90' lang='lat' dir='ltr'>enim</span> <span class='ocrx_word' id='word_1_26' title='bbox 458 674 538 735; x_wconf 84' lang='lat' dir='ltr'>curis</span> <span class='ocrx_word' id='word_1_27' title='bbox 553 674 689 737; x_wconf 83' lang='lat' dir='ltr'>vitiatum</span> <span class='ocrx_word' id='word_1_28' title='bbox 704 689 816 750; x_wconf 85' lang='lat' dir='ltr'>corpus</span> <span class='ocrx_word' id='word_1_29' title='bbox 831 672 986 740; x_wconf 85' lang='lat' dir='ltr'>amaris</span> 
     </span>
     <span class='ocr_line' id='line_1_6' title="bbox 265 751 917 834; baseline 0.006 -17"><span class='ocrx_word' id='word_1_30' title='bbox 265 758 331 818; x_wconf 90' lang='lat' dir='ltr'>Non</span> <span class='ocrx_word' id='word_1_31' title='bbox 346 751 458 832; x_wconf 83' lang='lat' dir='ltr'>patitur</span> <span class='ocrx_word' id='word_1_32' title='bbox 470 758 551 818; x_wconf 86' lang='lat' dir='ltr'>vires</span> <span class='ocrx_word' id='word_1_33' title='bbox 566 759 701 834; x_wconf 77' lang='lat' dir='ltr'>languor</span> <span class='ocrx_word' id='word_1_34' title='bbox 707 757 819 817; x_wconf 87' lang='lat' dir='ltr'>habere</span> <span class='ocrx_word' id='word_1_35' title='bbox 834 766 917 821; x_wconf 81' lang='lat' dir='ltr'>suas</span> 
     </span>
     <span class='ocr_line' id='line_1_7' title="bbox 163 836 1047 917; baseline 0.005 -13.15"><span class='ocrx_word' id='word_1_36' title='bbox 163 840 285 904; x_wconf 76' lang='lat' dir='ltr'>oNec</span> <span class='ocrx_word' id='word_1_37' title='bbox 300 840 389 902; x_wconf 90' lang='lat' dir='ltr'>dolor</span> <span class='ocrx_word' id='word_1_38' title='bbox 402 836 488 901; x_wconf 87' lang='lat' dir='ltr'>ullus</span> <span class='ocrx_word' id='word_1_39' title='bbox 496 838 622 917; x_wconf 80' lang='lat' dir='ltr'>adest,</span> <span class='ocrx_word' id='word_1_40' title='bbox 616 843 702 902; x_wconf 84' lang='lat' dir='ltr'>neci</span> <span class='ocrx_word' id='word_1_41' title='bbox 688 840 823 902; x_wconf 75' lang='lat' dir='ltr'><strong>febribus</strong></span> <span class='ocrx_word' id='word_1_42' title='bbox 836 855 910 903; x_wconf 85' lang='lat' dir='ltr'>uror</span> <span class='ocrx_word' id='word_1_43' title='bbox 921 839 1047 916; x_wconf 76' lang='lat' dir='ltr'>antara,</span> 
     </span>
     <span class='ocr_line' id='line_1_8' title="bbox 143 922 930 1000; baseline 0.004 -18"><span class='ocrx_word' id='word_1_44' title='bbox 143 952 146 963; x_wconf 91' lang='lat'><strong>·</strong></span> <span class='ocrx_word' id='word_1_45' title='bbox 264 924 302 983; x_wconf 89' lang='lat' dir='ltr'>Et</span> <span class='ocrx_word' id='word_1_46' title='bbox 316 926 433 1000; x_wconf 76' lang='lat' dir='ltr'>peragit</span> <span class='ocrx_word' id='word_1_47' title='bbox 446 922 528 985; x_wconf 90' lang='lat' dir='ltr'>soliti</span> <span class='ocrx_word' id='word_1_48' title='bbox 541 941 621 989; x_wconf 83' lang='lat' dir='ltr'>vena</span> <span class='ocrx_word' id='word_1_49' title='bbox 632 925 748 995; x_wconf 84' lang='lat' dir='ltr'>tenoris</span> <span class='ocrx_word' id='word_1_50' title='bbox 761 924 828 985; x_wconf 89' lang='lat' dir='ltr'>iter</span> <span class='ocrx_word' id='word_1_51' title='bbox 928 936 930 941; x_wconf 57' lang='lat'><strong>⁴</strong></span> 
     </span>
     <span class='ocr_line' id='line_1_9' title="bbox 225 1005 1070 1105; baseline 0 -37"><span class='ocrx_word' id='word_1_52' title='bbox 225 1005 266 1068; x_wconf 91' lang='lat' dir='ltr'>Os</span> <span class='ocrx_word' id='word_1_53' title='bbox 280 1006 375 1067; x_wconf 84' lang='lat' dir='ltr'>hebes</span> <span class='ocrx_word' id='word_1_54' title='bbox 391 1015 447 1082; x_wconf 88' lang='lat' dir='ltr'>est,</span> <span class='ocrx_word' id='word_1_55' title='bbox 469 1009 650 1105; x_wconf 74' lang='lat' dir='ltr'>positaeque</span> <span class='ocrx_word' id='word_1_56' title='bbox 665 1016 788 1068; x_wconf 89' lang='lat' dir='ltr'>movent</span> <span class='ocrx_word' id='word_1_57' title='bbox 801 1006 923 1068; x_wconf 81' lang='lat' dir='ltr'>fastidia</span> <span class='ocrx_word' id='word_1_58' title='bbox 937 1020 1070 1082; x_wconf 83' lang='lat' dir='ltr'>mensae,</span> 
     </span>
     <span class='ocr_line' id='line_1_10' title="bbox 264 1083 900 1166; baseline 0 -16"><span class='ocrx_word' id='word_1_59' title='bbox 264 1090 302 1150; x_wconf 84' lang='lat' dir='ltr'>Et</span> <span class='ocrx_word' id='word_1_60' title='bbox 315 1106 436 1166; x_wconf 89' lang='lat' dir='ltr'>queror,</span> <span class='ocrx_word' id='word_1_61' title='bbox 456 1083 549 1153; x_wconf 85' lang='lat' dir='ltr'>invisi</span> <span class='ocrx_word' id='word_1_62' title='bbox 562 1108 630 1152; x_wconf 91' lang='lat' dir='ltr'>cum</span> <span class='ocrx_word' id='word_1_63' title='bbox 644 1092 727 1152; x_wconf 90' lang='lat' dir='ltr'>venit</span> <span class='ocrx_word' id='word_1_64' title='bbox 740 1092 815 1152; x_wconf 88' lang='lat' dir='ltr'>hora</span> <span class='ocrx_word' id='word_1_65' title='bbox 831 1092 900 1151; x_wconf 89' lang='lat' dir='ltr'>cibi</span> 
     </span>
     <span class='ocr_line' id='line_1_11' title="bbox 224 1173 1085 1271; baseline -0.001 -36"><span class='ocrx_word' id='word_1_66' title='bbox 224 1173 311 1248; x_wconf 81' lang='lat' dir='ltr'>Quod</span> <span class='ocrx_word' id='word_1_67' title='bbox 324 1191 416 1250; x_wconf 86' lang='lat' dir='ltr'>mare,</span> <span class='ocrx_word' id='word_1_68' title='bbox 437 1176 521 1251; x_wconf 87' lang='lat' dir='ltr'>quod</span> <span class='ocrx_word' id='word_1_69' title='bbox 535 1176 633 1255; x_wconf 87' lang='lat' dir='ltr'>tellus,</span> <span class='ocrx_word' id='word_1_70' title='bbox 653 1190 784 1252; x_wconf 84' lang='lat' dir='ltr'>appone,</span> <span class='ocrx_word' id='word_1_71' title='bbox 803 1175 887 1271; x_wconf 82' lang='lat' dir='ltr'>quod</span> <span class='ocrx_word' id='word_1_72' title='bbox 901 1174 1010 1236; x_wconf 85' lang='lat' dir='ltr'>educat</span> <span class='ocrx_word' id='word_1_73' title='bbox 1024 1189 1085 1249; x_wconf 84' lang='lat' dir='ltr'>aer</span> 
     </span>
     <span class='ocr_line' id='line_1_12' title="bbox 181 1256 843 1334; baseline -0.008 -14"><span class='ocrx_word' id='word_1_74' title='bbox 181 1267 216 1320; x_wconf 87' lang='lat'>10</span> <span class='ocrx_word' id='word_1_75' title='bbox 263 1257 310 1317; x_wconf 88' lang='lat' dir='ltr'>Nil</span> <span class='ocrx_word' id='word_1_76' title='bbox 324 1257 375 1333; x_wconf 91' lang='lat' dir='ltr'>ibl,</span> <span class='ocrx_word' id='word_1_77' title='bbox 398 1260 480 1334; x_wconf 90' lang='lat' dir='ltr'>quod</span> <span class='ocrx_word' id='word_1_78' title='bbox 496 1259 585 1320; x_wconf 88' lang='lat' dir='ltr'>nobis</span> <span class='ocrx_word' id='word_1_79' title='bbox 600 1259 758 1331; x_wconf 82' lang='lat' dir='ltr'>esuriatur,</span> <span class='ocrx_word' id='word_1_80' title='bbox 779 1256 843 1316; x_wconf 91' lang='lat' dir='ltr'>erit.</span> 
     </span>
     <span class='ocr_line' id='line_1_13' title="bbox 221 1340 1040 1427; baseline 0.004 -26"><span class='ocrx_word' id='word_1_81' title='bbox 221 1340 331 1402; x_wconf 81' lang='lat' dir='ltr'>Nectar</span> <span class='ocrx_word' id='word_1_82' title='bbox 345 1349 374 1402; x_wconf 92' lang='lat' dir='ltr'>et</span> <span class='ocrx_word' id='word_1_83' title='bbox 388 1342 580 1427; x_wconf 75' lang='lat' dir='ltr'>ambrosiam,</span> <span class='ocrx_word' id='word_1_84' title='bbox 603 1344 707 1405; x_wconf 87' lang='lat' dir='ltr'>latices</span> <span class='ocrx_word' id='word_1_85' title='bbox 723 1342 891 1417; x_wconf 85' lang='lat' dir='ltr'>epulasque</span> <span class='ocrx_word' id='word_1_86' title='bbox 905 1340 1040 1418; x_wconf 83' lang='lat' dir='ltr'>deorum,</span> 
     </span>
     <span class='ocr_line' id='line_1_14' title="bbox 262 1420 956 1492; baseline 0 -7"><span class='ocrx_word' id='word_1_87' title='bbox 262 1425 319 1486; x_wconf 87' lang='lat' dir='ltr'>Det</span> <span class='ocrx_word' id='word_1_88' title='bbox 333 1424 405 1485; x_wconf 88' lang='lat' dir='ltr'>mihi</span> <span class='ocrx_word' id='word_1_89' title='bbox 419 1420 554 1487; x_wconf 82' lang='lat' dir='ltr'>formosa</span> <span class='ocrx_word' id='word_1_90' title='bbox 568 1443 647 1486; x_wconf 89' lang='lat' dir='ltr'>nava</span> <span class='ocrx_word' id='word_1_91' title='bbox 660 1424 785 1486; x_wconf 85' lang='lat' dir='ltr'>Iuventa</span> <span class='ocrx_word' id='word_1_92' title='bbox 799 1441 904 1485; x_wconf 88' lang='lat' dir='ltr'>manu:</span> <span class='ocrx_word' id='word_1_93' title='bbox 943 1464 956 1492; x_wconf 64' lang='grc' dir='ltr'>ι</span> 
     </span>
     <span class='ocr_line' id='line_1_15' title="bbox 221 1508 1020 1591; baseline -0.001 -23"><span class='ocrx_word' id='word_1_94' title='bbox 221 1508 287 1569; x_wconf 87' lang='lat' dir='ltr'>Non</span> <span class='ocrx_word' id='word_1_95' title='bbox 300 1514 399 1571; x_wconf 86' lang='lat' dir='ltr'>tamen</span> <span class='ocrx_word' id='word_1_96' title='bbox 414 1514 543 1570; x_wconf 78' lang='lat' dir='ltr'>exacuet</span> <span class='ocrx_word' id='word_1_97' title='bbox 556 1517 680 1586; x_wconf 86' lang='lat' dir='ltr'>torpens</span> <span class='ocrx_word' id='word_1_98' title='bbox 695 1509 851 1584; x_wconf 72' lang='lat' dir='ltr'>superine</span> <span class='ocrx_word' id='word_1_99' title='bbox 865 1508 1020 1591; x_wconf 77' lang='lat' dir='ltr'>palatum,‘</span> 
     </span>
     <span class='ocr_line' id='line_1_16' title="bbox 262 1591 992 1668; baseline 0.004 -16"><span class='ocrx_word' id='word_1_100' title='bbox 262 1591 358 1653; x_wconf 83' lang='lat' dir='ltr'>Stabit</span> <span class='ocrx_word' id='word_1_101' title='bbox 368 1598 400 1653; x_wconf 82' lang='lat' dir='ltr'>et</span> <span class='ocrx_word' id='word_1_102' title='bbox 414 1593 445 1653; x_wconf 89' lang='lat' dir='ltr'>in</span> <span class='ocrx_word' id='word_1_103' title='bbox 460 1592 618 1653; x_wconf 86' lang='lat' dir='ltr'>stomacho</span> <span class='ocrx_word' id='word_1_104' title='bbox 632 1593 862 1668; x_wconf 81' lang='lat' dir='ltr'>pondustnerte</span> <span class='ocrx_word' id='word_1_105' title='bbox 877 1592 939 1655; x_wconf 65' lang='lat' dir='ltr'>diu·</span> <span class='ocrx_word' id='word_1_106' title='bbox 990 1634 992 1641; x_wconf 89' lang='lat'>-</span> 
     </span>
     <span class='ocr_line' id='line_1_17' title="bbox 179 1674 1047 1751; baseline 0.005 -14"><span class='ocrx_word' id='word_1_107' title='bbox 179 1683 214 1737; x_wconf 77' lang='lat' dir='ltr'>la</span> <span class='ocrx_word' id='word_1_108' title='bbox 225 1675 308 1736; x_wconf 91' lang='lat' dir='ltr'>Haec</span> <span class='ocrx_word' id='word_1_109' title='bbox 323 1691 380 1751; x_wconf 78' lang='lat' dir='ltr'>ego</span> <span class='ocrx_word' id='word_1_110' title='bbox 396 1691 457 1737; x_wconf 91' lang='lat' dir='ltr'>non</span> <span class='ocrx_word' id='word_1_111' title='bbox 472 1677 578 1751; x_wconf 85' lang='lat' dir='ltr'>ausim,</span> <span class='ocrx_word' id='word_1_112' title='bbox 600 1680 669 1736; x_wconf 79' lang='lat' dir='ltr'>crim</span> <span class='ocrx_word' id='word_1_113' title='bbox 683 1675 743 1736; x_wconf 81' lang='lat' dir='ltr'>sint</span> <span class='ocrx_word' id='word_1_114' title='bbox 757 1674 927 1747; x_wconf 78' lang='lat' dir='ltr'>uerissima,</span> <span class='ocrx_word' id='word_1_115' title='bbox 947 1674 1047 1741; x_wconf 76' lang='lat' dir='ltr'>cuivis</span> 
     </span>
     <span class='ocr_line' id='line_1_18' title="bbox 263 1758 1004 1824; baseline 0.008 -5"><span class='ocrx_word' id='word_1_116' title='bbox 263 1758 412 1820; x_wconf 89' lang='lat' dir='ltr'>Scribere.</span> <span class='ocrx_word' id='word_1_117' title='bbox 445 1759 572 1820; x_wconf 79' lang='lat' dir='ltr'>cellolas</span> <span class='ocrx_word' id='word_1_118' title='bbox 585 1759 835 1821; x_wconf 82' lang='lat' dir='ltr'>nemalanostra</span> <span class='ocrx_word' id='word_1_119' title='bbox 848 1763 948 1824; x_wconf 78' lang='lat' dir='ltr'>vocet</span> <span class='ocrx_word' id='word_1_120' title='bbox 1002 1786 1004 1790; x_wconf 34' lang='lat'>³</span> 
     </span>
     <span class='ocr_line' id='line_1_19' title="bbox 222 1841 1006 1917; baseline 0 -14"><span class='ocrx_word' id='word_1_121' title='bbox 222 1841 343 1903; x_wconf 77' lang='lat' dir='ltr'>Scilicet</span> <span class='ocrx_word' id='word_1_122' title='bbox 356 1843 383 1903; x_wconf 91' lang='lat' dir='ltr'>is</span> <span class='ocrx_word' id='word_1_123' title='bbox 398 1851 494 1904; x_wconf 85' lang='lat' dir='ltr'>status</span> <span class='ocrx_word' id='word_1_124' title='bbox 509 1850 564 1917; x_wconf 75' lang='lat' dir='ltr'>est</span> <span class='ocrx_word' id='word_1_125' title='bbox 585 1859 623 1904; x_wconf 87' lang='lat' dir='ltr'>ea</span> <span class='ocrx_word' id='word_1_126' title='bbox 639 1859 740 1904; x_wconf 89' lang='lat' dir='ltr'>rerum</span> <span class='ocrx_word' id='word_1_127' title='bbox 754 1843 855 1903; x_wconf 75' lang='lat' dir='ltr'>forma</span> <span class='ocrx_word' id='word_1_128' title='bbox 864 1854 1006 1915; x_wconf 81' lang='lat' dir='ltr'>meatum,</span> 
     </span>
     <span class='ocr_line' id='line_1_20' title="bbox 232 1926 841 2003; baseline -0.007 -16"><span class='ocrx_word' id='word_1_129' title='bbox 232 1940 236 1947; x_wconf 85' lang='grc'><strong>’</strong></span> <span class='ocrx_word' id='word_1_130' title='bbox 260 1926 382 1987; x_wconf 83' lang='lat' dir='ltr'>Deliciis</span> <span class='ocrx_word' id='word_1_131' title='bbox 398 1927 488 1988; x_wconf 85' lang='lat' dir='ltr'>etlam</span> <span class='ocrx_word' id='word_1_132' title='bbox 500 1927 601 2003; x_wconf 85' lang='lat' dir='ltr'>possit</span> <span class='ocrx_word' id='word_1_133' title='bbox 614 1934 647 1987; x_wconf 88' lang='grc' dir='ltr'>ιιι</span> <span class='ocrx_word' id='word_1_134' title='bbox 660 1942 731 1988; x_wconf 86' lang='lat' dir='ltr'>esse</span> <span class='ocrx_word' id='word_1_135' title='bbox 745 1928 841 1987; x_wconf 90' lang='lat' dir='ltr'>loeus.</span> 
     </span>
     <span class='ocr_line' id='line_1_21' title="bbox 221 2006 918 2085; baseline 0.003 -16"><span class='ocrx_word' id='word_1_136' title='bbox 221 2008 351 2070; x_wconf 86' lang='lat' dir='ltr'>Delicias</span> <span class='ocrx_word' id='word_1_137' title='bbox 365 2009 407 2069; x_wconf 93' lang='lat' dir='ltr'>illi</span> <span class='ocrx_word' id='word_1_138' title='bbox 421 2027 532 2085; x_wconf 90' lang='lat' dir='ltr'>precor</span> <span class='ocrx_word' id='word_1_139' title='bbox 544 2010 601 2071; x_wconf 88' lang='lat' dir='ltr'>has</span> <span class='ocrx_word' id='word_1_140' title='bbox 617 2012 800 2085; x_wconf 84' lang='lat' dir='ltr'>contingere,</span> <span class='ocrx_word' id='word_1_141' title='bbox 822 2006 918 2083; x_wconf 82' lang='lat' dir='ltr'>siquis</span> 
     </span>
     <span class='ocr_line' id='line_1_22' title="bbox 178 2092 892 2166; baseline 0 -11"><span class='ocrx_word' id='word_1_142' title='bbox 178 2100 215 2155; x_wconf 77' lang='lat'>20</span> <span class='ocrx_word' id='word_1_143' title='bbox 264 2094 308 2153; x_wconf 90' lang='lat' dir='ltr'>Ne</span> <span class='ocrx_word' id='word_1_144' title='bbox 322 2092 394 2152; x_wconf 92' lang='lat' dir='ltr'>mihi</span> <span class='ocrx_word' id='word_1_145' title='bbox 405 2092 449 2154; x_wconf 77' lang='lat' dir='ltr'>&#39;sit</span> <span class='ocrx_word' id='word_1_146' title='bbox 462 2094 559 2154; x_wconf 89' lang='lat' dir='ltr'>levior</span> <span class='ocrx_word' id='word_1_147' title='bbox 573 2095 712 2154; x_wconf 86' lang='lat' dir='ltr'>Caesaris</span> <span class='ocrx_word' id='word_1_148' title='bbox 727 2094 780 2166; x_wconf 85' lang='lat' dir='ltr'>ira,</span> <span class='ocrx_word' id='word_1_149' title='bbox 801 2093 892 2157; x_wconf 82' lang='lat' dir='ltr'>timet.</span> 
     </span>
     <span class='ocr_line' id='line_1_23' title="bbox 221 2176 1105 2253; baseline 0 -18"><span class='ocrx_word' id='word_1_150' title='bbox 221 2176 251 2237; x_wconf 93' lang='lat' dir='ltr'>Is</span> <span class='ocrx_word' id='word_1_151' title='bbox 267 2192 398 2253; x_wconf 89' lang='lat' dir='ltr'>quoque,</span> <span class='ocrx_word' id='word_1_152' title='bbox 421 2177 472 2251; x_wconf 89' lang='lat' dir='ltr'>qui</span> <span class='ocrx_word' id='word_1_153' title='bbox 484 2178 590 2252; x_wconf 72' lang='lat' dir='ltr'>gracili</span> <span class='ocrx_word' id='word_1_154' title='bbox 605 2177 690 2239; x_wconf 88' lang='lat' dir='ltr'>cibus</span> <span class='ocrx_word' id='word_1_155' title='bbox 706 2183 753 2238; x_wconf 88' lang='lat' dir='ltr'>est</span> <span class='ocrx_word' id='word_1_156' title='bbox 766 2178 799 2237; x_wconf 93' lang='lat' dir='ltr'>in</span> <span class='ocrx_word' id='word_1_157' title='bbox 810 2191 949 2253; x_wconf 76' lang='lat' dir='ltr'>corpore,</span> <span class='ocrx_word' id='word_1_158' title='bbox 961 2190 1105 2250; x_wconf 67' lang='lat' dir='ltr'>somnus,</span> 
     </span>
     <span class='ocr_line' id='line_1_24' title="bbox 119 2260 999 2345; baseline 0.007 -26"><span class='ocrx_word' id='word_1_159' title='bbox 119 2336 122 2345; x_wconf 27' lang='grc' dir='ltr'>Ι</span> <span class='ocrx_word' id='word_1_160' title='bbox 259 2260 326 2320; x_wconf 85' lang='grc' dir='ltr'>Νοιι</span> <span class='ocrx_word' id='word_1_161' title='bbox 341 2260 739 2336; x_wconf 86' lang='lat' dir='ltr'>alitolflciocorpusinane</span> <span class='ocrx_word' id='word_1_162' title='bbox 754 2277 820 2323; x_wconf 88' lang='lat' dir='ltr'>suo.</span> <span class='ocrx_word' id='word_1_163' title='bbox 919 2273 921 2277; x_wconf 84' lang='grc'><strong>’</strong></span> <span class='ocrx_word' id='word_1_164' title='bbox 967 2274 999 2327; x_wconf 80' lang='lat'>-1.</span> 
     </span>
     <span class='ocr_line' id='line_1_25' title="bbox 219 2342 980 2421; baseline 0.001 -17"><span class='ocrx_word' id='word_1_165' title='bbox 219 2342 282 2404; x_wconf 88' lang='lat' dir='ltr'>Sed</span> <span class='ocrx_word' id='word_1_166' title='bbox 296 2343 396 2418; x_wconf 79' lang='lat' dir='ltr'>vigilo,</span> <span class='ocrx_word' id='word_1_167' title='bbox 420 2344 605 2421; x_wconf 74' lang='lat' dir='ltr'>vigilantque</span> <span class='ocrx_word' id='word_1_168' title='bbox 619 2345 679 2405; x_wconf 85' lang='lat' dir='ltr'>mel</span> <span class='ocrx_word' id='word_1_169' title='bbox 693 2346 760 2405; x_wconf 88' lang='lat' dir='ltr'>sine</span> <span class='ocrx_word' id='word_1_170' title='bbox 773 2344 834 2406; x_wconf 89' lang='lat' dir='ltr'>fine</span> <span class='ocrx_word' id='word_1_171' title='bbox 849 2344 980 2420; x_wconf 81' lang='lat' dir='ltr'>dolores,</span> 
     </span>
     <span class='ocr_line' id='line_1_26' title="bbox 259 2415 904 2505; baseline 0 -18"><span class='ocrx_word' id='word_1_172' title='bbox 259 2415 391 2501; x_wconf 66' lang='lat' dir='ltr'>&#39;Quorum</span> <span class='ocrx_word' id='word_1_173' title='bbox 405 2427 560 2488; x_wconf 86' lang='lat' dir='ltr'>materiam</span> <span class='ocrx_word' id='word_1_174' title='bbox 575 2428 626 2493; x_wconf 87' lang='lat' dir='ltr'>dat</span> <span class='ocrx_word' id='word_1_175' title='bbox 640 2429 747 2490; x_wconf 90' lang='lat' dir='ltr'>locus</span> <span class='ocrx_word' id='word_1_176' title='bbox 740 2443 809 2505; x_wconf 81' lang='lat' dir='ltr'>ipse</span> <span class='ocrx_word' id='word_1_177' title='bbox 820 2429 904 2490; x_wconf 88' lang='lat' dir='ltr'>mihi</span> 
     </span>
     <span class='ocr_line' id='line_1_27' title="bbox 175 2508 912 2588; baseline 0.001 -15"><span class='ocrx_word' id='word_1_178' title='bbox 175 2519 210 2573; x_wconf 77' lang='lat'>25</span> <span class='ocrx_word' id='word_1_179' title='bbox 221 2510 303 2571; x_wconf 87' lang='lat' dir='ltr'>Vix</span> <span class='ocrx_word' id='word_1_180' title='bbox 294 2510 384 2586; x_wconf 73' lang='lat' dir='ltr'>rgitur</span> <span class='ocrx_word' id='word_1_181' title='bbox 397 2508 503 2586; x_wconf 87' lang='lat' dir='ltr'>possis</span> <span class='ocrx_word' id='word_1_182' title='bbox 518 2512 604 2572; x_wconf 86' lang='lat' dir='ltr'>visos</span> <span class='ocrx_word' id='word_1_183' title='bbox 618 2527 787 2588; x_wconf 81' lang='lat' dir='ltr'>agnoscere</span> <span class='ocrx_word' id='word_1_184' title='bbox 801 2513 912 2585; x_wconf 84' lang='lat' dir='ltr'>vultus,</span> 
     </span>
     <span class='ocr_line' id='line_1_28' title="bbox 262 2593 992 2687; baseline -0.003 -32"><span class='ocrx_word' id='word_1_185' title='bbox 262 2593 410 2670; x_wconf 81' lang='lat' dir='ltr'>Quoque</span> <span class='ocrx_word' id='word_1_186' title='bbox 403 2595 478 2670; x_wconf 81' lang='lat' dir='ltr'>rent,</span> <span class='ocrx_word' id='word_1_187' title='bbox 501 2611 642 2687; x_wconf 86' lang='lat' dir='ltr'>quaeras,</span> <span class='ocrx_word' id='word_1_188' title='bbox 665 2613 716 2670; x_wconf 87' lang='lat' dir='ltr'>qur</span> <span class='ocrx_word' id='word_1_189' title='bbox 707 2596 785 2656; x_wconf 87' lang='lat' dir='ltr'>luit</span> <span class='ocrx_word' id='word_1_190' title='bbox 798 2603 876 2669; x_wconf 84' lang='lat' dir='ltr'>unte,</span> <span class='ocrx_word' id='word_1_191' title='bbox 898 2595 992 2657; x_wconf 84' lang='lat' dir='ltr'>color.</span> 
     </span>
     <span class='ocr_line' id='line_1_29' title="bbox 171 2641 948 2754; baseline -0.003 -15.874"><span class='ocrx_word' id='word_1_192' title='bbox 171 2672 332 2739; x_wconf 82' lang='lat' dir='ltr'>Parvus</span> <span class='ocrx_word' id='word_1_193' title='bbox 347 2680 377 2738; x_wconf 93' lang='lat' dir='ltr'>ln</span> <span class='ocrx_word' id='word_1_194' title='bbox 392 2678 489 2739; x_wconf 88' lang='lat' dir='ltr'>exiles</span> <span class='ocrx_word' id='word_1_195' title='bbox 504 2683 597 2740; x_wconf 84' lang='lat' dir='ltr'>sucus</span> <span class='ocrx_word' id='word_1_196' title='bbox 611 2679 685 2739; x_wconf 84' lang='lat' dir='ltr'>milri</span> <span class='ocrx_word' id='word_1_197' title='bbox 698 2678 837 2754; x_wconf 87' lang='lat' dir='ltr'>pervenit</span> <span class='ocrx_word' id='word_1_198' title='bbox 851 2641 948 2753; x_wconf 66' lang='lat' dir='ltr'>a’rtttsr</span> 
     </span>
     <span class='ocr_line' id='line_1_30' title="bbox 257 2761 904 2837; baseline -0.005 -16"><span class='ocrx_word' id='word_1_199' title='bbox 257 2761 455 2835; x_wconf 86' lang='lat' dir='ltr'>Membraque</span> <span class='ocrx_word' id='word_1_200' title='bbox 469 2769 540 2823; x_wconf 90' lang='lat' dir='ltr'>sunt</span> <span class='ocrx_word' id='word_1_201' title='bbox 552 2778 623 2822; x_wconf 85' lang='lat' dir='ltr'>cera</span> <span class='ocrx_word' id='word_1_202' title='bbox 633 2762 798 2837; x_wconf 82' lang='lat' dir='ltr'>pallidiora</span> <span class='ocrx_word' id='word_1_203' title='bbox 811 2775 904 2823; x_wconf 89' lang='lat' dir='ltr'>nova</span> 
     </span>
     <span class='ocr_line' id='line_1_31' title="bbox 217 2842 980 2919; baseline -0.003 -15"><span class='ocrx_word' id='word_1_204' title='bbox 217 2844 284 2905; x_wconf 85' lang='grc' dir='ltr'>Νοιι</span> <span class='ocrx_word' id='word_1_205' title='bbox 297 2845 374 2906; x_wconf 91' lang='lat' dir='ltr'>haec</span> <span class='ocrx_word' id='word_1_206' title='bbox 389 2842 541 2906; x_wconf 88' lang='lat' dir='ltr'>inmodico</span> <span class='ocrx_word' id='word_1_207' title='bbox 557 2846 694 2906; x_wconf 86' lang='lat' dir='ltr'>contraxi</span> <span class='ocrx_word' id='word_1_208' title='bbox 709 2844 819 2905; x_wconf 86' lang='lat' dir='ltr'>damna</span> <span class='ocrx_word' id='word_1_209' title='bbox 832 2843 980 2919; x_wconf 67' lang='lat' dir='ltr'>Lyaeos</span> 
     </span>
     <span class='ocr_line' id='line_1_32' title="bbox 174 2912 1026 3024; baseline -0.006 -31"><span class='ocrx_word' id='word_1_210' title='bbox 174 2912 211 2993; x_wconf 74' lang='lat' dir='ltr'>bt)</span> <span class='ocrx_word' id='word_1_211' title='bbox 245 2927 353 3005; x_wconf 89' lang='lat' dir='ltr'>Scis,</span> <span class='ocrx_word' id='word_1_212' title='bbox 357 2928 434 2988; x_wconf 83' lang='grc' dir='ltr'>ιιιιιιι</span> <span class='ocrx_word' id='word_1_213' title='bbox 450 2945 540 3002; x_wconf 89' lang='lat' dir='ltr'>quam</span> <span class='ocrx_word' id='word_1_214' title='bbox 555 2929 640 2989; x_wconf 83' lang='lat' dir='ltr'>solae</span> <span class='ocrx_word' id='word_1_215' title='bbox 654 2942 752 3024; x_wconf 81' lang='lat' dir='ltr'>paene</span> <span class='ocrx_word' id='word_1_216' title='bbox 765 2926 905 2989; x_wconf 86' lang='lat' dir='ltr'>bibantur</span> <span class='ocrx_word' id='word_1_217' title='bbox 918 2918 1026 3003; x_wconf 84' lang='lat' dir='ltr'>aquae</span> 
     </span>
     <span class='ocr_line' id='line_1_33' title="bbox 216 3011 973 3109; baseline 0.005 -38"><span class='ocrx_word' id='word_1_218' title='bbox 216 3012 283 3071; x_wconf 90' lang='lat' dir='ltr'>Non</span> <span class='ocrx_word' id='word_1_219' title='bbox 297 3013 397 3089; x_wconf 89' lang='lat' dir='ltr'>epulis</span> <span class='ocrx_word' id='word_1_220' title='bbox 411 3026 531 3073; x_wconf 89' lang='lat' dir='ltr'>oneror</span> <span class='ocrx_word' id='word_1_221' title='bbox 560 3029 685 3109; x_wconf 82' lang='lat' dir='ltr'>quarum</span> <span class='ocrx_word' id='word_1_222' title='bbox 699 3011 726 3071; x_wconf 91' lang='lat' dir='ltr'>si</span> <span class='ocrx_word' id='word_1_223' title='bbox 740 3018 846 3086; x_wconf 82' lang='lat' dir='ltr'>tunger</span> <span class='ocrx_word' id='word_1_224' title='bbox 860 3027 973 3088; x_wconf 83' lang='lat' dir='ltr'>amore,</span> 
     </span>
     <span class='ocr_line' id='line_1_34' title="bbox 206 3095 897 3175; baseline 0 -21"><span class='ocrx_word' id='word_1_225' title='bbox 206 3158 211 3175; x_wconf 51' lang='grc'><em>,</em></span> <span class='ocrx_word' id='word_1_226' title='bbox 256 3095 311 3157; x_wconf 85' lang='lat' dir='ltr'>Est</span> <span class='ocrx_word' id='word_1_227' title='bbox 323 3103 423 3158; x_wconf 90' lang='lat' dir='ltr'>tamen</span> <span class='ocrx_word' id='word_1_228' title='bbox 437 3096 468 3155; x_wconf 93' lang='lat' dir='ltr'>in</span> <span class='ocrx_word' id='word_1_229' title='bbox 483 3095 594 3161; x_wconf 80' lang='lat' dir='ltr'>Geticis</span> <span class='ocrx_word' id='word_1_230' title='bbox 610 3096 700 3171; x_wconf 85' lang='lat' dir='ltr'>copia</span> <span class='ocrx_word' id='word_1_231' title='bbox 713 3095 796 3155; x_wconf 86' lang='lat' dir='ltr'>nullo</span> <span class='ocrx_word' id='word_1_232' title='bbox 810 3095 897 3157; x_wconf 88' lang='lat' dir='ltr'>locis.</span> 
     </span>
     <span class='ocr_line' id='line_1_35' title="bbox 217 3178 960 3253; baseline -0.004 -15"><span class='ocrx_word' id='word_1_233' title='bbox 217 3179 280 3239; x_wconf 90' lang='lat' dir='ltr'>Nec</span> <span class='ocrx_word' id='word_1_234' title='bbox 293 3181 374 3240; x_wconf 91' lang='lat' dir='ltr'>vircs</span> <span class='ocrx_word' id='word_1_235' title='bbox 390 3178 493 3240; x_wconf 88' lang='lat' dir='ltr'>adimit</span> <span class='ocrx_word' id='word_1_236' title='bbox 505 3178 626 3239; x_wconf 88' lang='lat' dir='ltr'>veneris</span> <span class='ocrx_word' id='word_1_237' title='bbox 641 3179 789 3243; x_wconf 84' lang='lat' dir='ltr'>damnosa</span> <span class='ocrx_word' id='word_1_238' title='bbox 801 3180 960 3253; x_wconf 73' lang='lat' dir='ltr'>veluptasr</span> 
     </span>
     <span class='ocr_line' id='line_1_36' title="bbox 257 3261 938 3325; baseline 0.004 -5"><span class='ocrx_word' id='word_1_239' title='bbox 257 3261 324 3323; x_wconf 89' lang='lat' dir='ltr'>Non</span> <span class='ocrx_word' id='word_1_240' title='bbox 338 3263 417 3324; x_wconf 90' lang='lat' dir='ltr'>solet</span> <span class='ocrx_word' id='word_1_241' title='bbox 428 3264 459 3324; x_wconf 87' lang='lat' dir='ltr'>ln</span> <span class='ocrx_word' id='word_1_242' title='bbox 476 3272 611 3325; x_wconf 86' lang='lat' dir='ltr'>maestos</span> <span class='ocrx_word' id='word_1_243' title='bbox 623 3263 675 3323; x_wconf 82' lang='lat' dir='ltr'>illa</span> <span class='ocrx_word' id='word_1_244' title='bbox 688 3262 791 3323; x_wconf 87' lang='lat' dir='ltr'>venire</span> <span class='ocrx_word' id='word_1_245' title='bbox 804 3270 899 3325; x_wconf 86' lang='lat' dir='ltr'>toros.</span> <span class='ocrx_word' id='word_1_246' title='bbox 937 3302 938 3305; x_wconf 20' lang='grc' dir='ltr'><strong>κ</strong></span> 
     </span>
    </p>
   </div>
   <div class='ocr_carea' id='block_1_4' title="bbox 85 3339 998 3506">
    <p class='ocr_par' dir='ltr' id='par_1_4' title="bbox 85 3339 998 3506">
     <span class='ocr_line' id='line_1_37' title="bbox 85 3339 998 3421; baseline -0.008 -12"><span class='ocrx_word' id='word_1_247' title='bbox 85 3339 93 3361; x_wconf 84' lang='grc'><em>“</em></span> <span class='ocrx_word' id='word_1_248' title='bbox 174 3352 210 3408; x_wconf 73' lang='lat' dir='ltr'>et</span> <span class='ocrx_word' id='word_1_249' title='bbox 220 3345 310 3407; x_wconf 83' lang='lat' dir='ltr'>Unda</span> <span class='ocrx_word' id='word_1_250' title='bbox 324 3346 472 3421; x_wconf 90' lang='lat' dir='ltr'>locusque</span> <span class='ocrx_word' id='word_1_251' title='bbox 486 3354 597 3409; x_wconf 85' lang='lat' dir='ltr'>nocent</span> <span class='ocrx_word' id='word_1_252' title='bbox 611 3354 640 3409; x_wconf 88' lang='lat' dir='ltr'>et</span> <span class='ocrx_word' id='word_1_253' title='bbox 653 3350 747 3417; x_wconf 83' lang='lat' dir='ltr'>causa</span> <span class='ocrx_word' id='word_1_254' title='bbox 759 3346 908 3406; x_wconf 84' lang='lat' dir='ltr'>valentior</span> <span class='ocrx_word' id='word_1_255' title='bbox 920 3341 998 3415; x_wconf 71' lang='lat' dir='ltr'>istis,</span> 
     </span>
     <span class='ocr_line' id='line_1_38' title="bbox 224 3427 956 3506; baseline 0 -18"><span class='ocrx_word' id='word_1_256' title='bbox 224 3454 227 3466; x_wconf 90' lang='lat'>·</span> <span class='ocrx_word' id='word_1_257' title='bbox 257 3428 406 3490; x_wconf 82' lang='lat' dir='ltr'>Anxietas</span> <span class='ocrx_word' id='word_1_258' title='bbox 420 3429 520 3506; x_wconf 84' lang='lat' dir='ltr'>animi,</span> <span class='ocrx_word' id='word_1_259' title='bbox 546 3429 710 3506; x_wconf 86' lang='lat' dir='ltr'>quaemihi</span> <span class='ocrx_word' id='word_1_260' title='bbox 724 3444 845 3504; x_wconf 90' lang='lat' dir='ltr'>semper</span> <span class='ocrx_word' id='word_1_261' title='bbox 858 3427 956 3489; x_wconf 86' lang='lat' dir='ltr'>adest</span> 
     </span>
    </p>
   </div>
   <div class='ocr_carea' id='block_1_5' title="bbox 0 0 1304 3812">
    <p class='ocr_par' dir='ltr' id='par_1_5' title="bbox 0 0 1304 3812">
     <span class='ocr_line' id='line_1_39' title="bbox 0 0 1304 3812; baseline 0 0"><span class='ocrx_word' id='word_1_262' title='bbox 0 0 1304 3812; x_wconf 95' lang='lat' dir='ltr'> </span> 
     </span>
    </p>
   </div>
  </div>
 </body>
</html>
