2582 3810
165 201 209 266 82
532 199 780 263 uttlsututt

290 350 528 415 Immunes'tsnti
541 353 775 414 neosinetesse
788 351 871 414 beni.
959 356 962 365 '

251 439 446 513 invenietque
459 437 586 511 unimus,
604 453 666 512 qne
680 452 786 498 eunus
801 442 917 512 spectet
927 437 1079 503 eburnosz

290 521 341 582 Sic
355 527 437 581 certe
450 521 480 579 in
495 520 592 595 putris
604 532 662 594 per
674 521 769 580 bnevc
782 525 902 597 tempus
917 536 980 583 eno.

205 612 240 669 65
250 605 333 666 Veru
344 611 444 665 temen
458 602 558 678 capiet
571 602 703 678 populus
717 605 896 679 spectscuiu
908 605 990 680 iettx,

289 687 442 761 Laetaque
456 685 512 745 erit
523 700 672 760 praesens
687 701 756 746 oum
771 687 849 748 duce
862 688 950 749 turbu
964 703 1031 750 sue.

248 773 290 831 At
302 771 373 831 mihi
388 769 638 842 inpendentem
653 770 806 845 longeque
819 778 935 832 remoto

286 854 419 914 Auribus
434 851 485 912 hic
497 852 613 912 tructus
626 852 843 928 percipiendus
857 855 922 929 erit,

249 938 351 1011 Atque
365 935 473 1011 procui
485 934 573 996 Latio
587 934 741 996 diversum
755 939 868 998 missus
881 938 912 997 in
926 936 1032 998 orbem

209 1031 244 1087 to
294 1019 350 1094 Qui
363 1024 465 1080 narret
479 1019 601 1094 cupido,
620 1018 675 1077 vix
688 1019 754 1095 etit,
775 1021 835 1081 istu
847 1021 929 1080 mihi.

29 1150 36 1163 .
140 1104 150 1117 ⁸
249 1104 279 1162 ls
294 1117 418 1178 quoquc
431 1102 491 1162 ium
504 1118 607 1162 serum
619 1098 732 1163 serenet
744 1112 939 1180 veteremque
951 1102 1145 1182 triumphum.

292 1186 356 1260 Quo
370 1194 471 1246 tumen
485 1185 612 1246 audiero
623 1192 771 1262 tempooe,
792 1190 889 1249 luctus
903 1201 969 1247 ece.

249 1269 304 1330 liic
317 1271 384 1330 dics
397 1270 508 1344 veniet,
528 1284 597 1329 meu
610 1285 673 1345 quc
686 1270 824 1345 lugubria
837 1286 958 1347 ponam,

293 1352 453 1430 Causaque
467 1353 587 1429 privetu
600 1353 724 1430 publicu
737 1355 834 1415 maior
846 1354 912 1414 crit

194 1483 234 1576 3·
251 1480 648 1594 ihgnamnomncnme
670 1534 799 1597 quatum
810 1517 893 1595 regie
905 1518 1002 1580 ditem
1015 1517 1129 1591 Gnatus,

291 1603 395 1662 Attuu
408 1601 562 1675 Sidonius,
582 1609 711 1678 uimque
722 1603 815 1674 sicce,
833 1608 930 1663 retest

252 1684 358 1746 Omnia
371 1700 439 1746 cum
454 1700 573 1747 summo
588 1686 709 1762 positae
721 1686 851 1747 vidonis
866 1686 897 1745 in
911 1700 979 1760 axe,

290 1770 328 1830 Et
340 1769 433 1830 meris
448 1771 593 1831 occiduus
607 1785 669 1830 nun
683 1768 818 1830 subeatis
832 1785 938 1845 equus,

222 1853 484 1928 onethericmque
498 1853 563 1914 suis
577 1853 703 1928 cingens
717 1852 907 1927 umptcxibus
923 1867 1025 1913 arcens

290 1938 401 1997 Vester
415 1935 453 1996 eb
467 1935 580 1997 intuetu
593 1936 724 1996 circuitu
738 1943 821 1996 extet
833 1937 940 1996 inuno:

250 2020 388 2095 Aspicite
401 2019 461 2092 itte,
483 2034 602 2094 precor,
624 2033 704 2095 quoe
718 2035 780 2080 non
794 2017 874 2080 bene
885 2018 1006 2080 moenia
1019 2019 1172 2097 quondum

291 2103 405 2164 Dicitur
417 2102 528 2162 iliades
541 2102 733 2162 transiluisse
746 2103 869 2177 Remus,

252 2186 347 2260 inque
360 2200 458 2244 meum
472 2186 583 2246 nitidos
599 2186 751 2247 dominum
765 2185 930 2246 convenite
943 2185 1054 2258 vuitus,

209 2280 242 2332 1⁰
292 2269 397 2344 Sitque
410 2273 526 2328 menius
538 2270 634 2331 nostri
648 2282 753 2344 necne,
771 2270 882 2334 uetene
897 2269 979 2329 mihi.

153 2355 158 2359 ’
252 2352 288 2412 Ei
302 2352 382 2423 mihi,
405 2366 467 2425 cur,
489 2352 613 2413 nimium
627 2368 707 2428 quae
721 2359 791 2412 sunt
804 2353 972 2426 muniiestu,
987 2351 1134 2429 neqtdrot

293 2437 354 2498 Cur
366 2434 448 2495 iubat
461 2435 602 2510 ambiguo
617 2452 691 2512 spes
703 2435 777 2495 mihi
790 2436 885 2496 mixta
898 2430 1002 2496 metui
1027 2466 1030 2477 ·

254 2520 349 2581 Crede
365 2516 448 2593 quod
463 2525 518 2593 est,
539 2519 700 2594 quodvis,
721 2535 759 2579 ec
774 2519 882 2580 desine
894 2519 1079 2593 tutuvereri,

291 2604 398 2679 Deque
411 2602 475 2663 tide
486 2610 569 2663 certa
581 2603 688 2663 sitnisi
703 2610 785 2663 certe
796 2603 887 2662 tides.

212 2699 245 2752 15
257 2687 406 2762 Quodque
419 2687 491 2763 poio
504 2686 586 2746 fixae
598 2692 753 2761 nequeumt
764 2685 819 2746 tibi
832 2685 936 2747 diccne
949 2683 1099 2759 flemme,

291 2771 359 2831 Non
373 2771 532 2832 mentitura
545 2776 577 2829 tu
590 2770 645 2831 tibi
659 2785 738 2829 vnce
750 2772 847 2830 cetera

251 2856 331 2915 Esse
344 2854 386 2914 tui
399 2870 572 2926 memorem,
592 2854 635 2914 de
647 2853 777 2928 quatiet
790 2854 922 2913 nuidniu
935 2865 1010 2912 curs
1023 2860 1078 2929 est,

294 2937 442 3012 Quodque
456 2945 570 3013 potest,
591 2953 699 2998 secum
713 2952 824 2998 nomen
837 2936 951 2998 hebere
961 2942 1055 2997 tuum.
1134 2973 1138 2979 -

254 3012 393 3081 Vultihus
408 3020 459 3079 iiia
472 3022 531 3082 tuis
544 3028 699 3097 tamquam
712 3020 924 3097 pmeeentibus
938 3018 1056 3081 haaretz

210 3124 245 3176 pp
295 3106 399 3177 teque
411 3112 528 3167 remote
543 3106 659 3179 preest,
679 3105 811 3166 dmodo
824 3104 909 3174 vivit,
928 3109 1018 3163 amat.

255 3187 382 3263 Ecquid,
402 3186 454 3246 ubi
468 3187 606 3248 incubuit
615 3189 696 3249 iusto
709 3204 796 3249 mens
810 3202 904 3263 aegre
918 3186 1026 3260 dolori,

295 3270 386 3331 Lenis
401 3269 440 3330 ab
455 3270 609 3331 admonito
623 3278 748 3347 pectore
762 3280 889 3332 somnus
904 3270 986 3331 ebitt

255 3358 337 3417 Tunc
351 3353 481 3414 subeunt
495 3369 595 3428 cunae,
616 3356 688 3414 dum
700 3361 732 3414 te
745 3354 904 3430 lectusque
917 3355 1083 3429 locusque·

292 3437 408 3514 Tangit,
427 3444 458 3500 ct
470 3436 594 3500 oblitum
607 3444 671 3500 non'
684 3437 755 3499 sinit
768 3451 841 3500 esse
852 3439 922 3515 mei,
