2582 3810
733 1 782 8 vav

179 222 223 288 92
573 217 800 283 iltlsullibt

300 374 412 436 Purum
426 371 576 435 discussis
592 374 664 433 atra
676 370 778 431 reddit
790 368 890 445 aquia

265 459 334 521 lure
348 458 437 533 igitur
451 457 631 533 genitorque
646 455 737 517 deum
751 459 914 529 reetorque
927 459 1063 527 vocatur,

239 548 245 557 ‘
299 542 367 602 lure
382 557 481 617 capax
495 540 627 599 muudus
642 539 683 597 nil
696 539 770 599 love
783 538 881 598 maius
895 537 996 597 habet

264 627 309 688 Tu
324 640 457 702 quoque,
473 639 542 684 oum
556 622 673 698 patriae
686 628 787 681 rector
801 620 906 682 diearo
918 627 1076 701 paterque,

217 717 253 774 to
304 710 396 771 Utere
410 722 495 768 more
510 706 558 766 del
573 720 685 766 nomen
699 703 839 765 habentis
853 704 944 765 idem.

263 793 359 867 idque
372 791 458 865 lauis,
473 804 530 849 nee
544 798 574 849 te
590 790 753 864 quisquam
767 787 952 849 moderatius
965 800 1111 864 umquam

307 874 427 949 Imperii
442 872 540 950 potuit
553 874 639 932 irena
651 879 757 932 tenere
770 871 827 931 sui

265 960 310 1021 Tu
322 958 443 1018 veniam
457 956 536 1033 parti
551 962 713 1031 superatae
729 969 825 1030 saepe
839 952 960 1025 dedisti,

305 1043 373 1103 Non
388 1056 593 1101 concessurus
610 1054 701 1114 quam
714 1038 767 1098 tibi
781 1038 879 1099 vietor
892 1043 966 1098 erut.

217 1138 251 1193 45
264 1125 382 1187 Divitiis
396 1125 486 1184 etiam
498 1124 608 1184 multos
623 1129 653 1182 et
666 1120 835 1182 honoribus
849 1126 958 1182 auctos
1054 1134 1057 1143 ¹

302 1208 383 1282 Vidi,
398 1208 449 1284 qui
462 1209 593 1268 tulerant
605 1205 637 1264 in
651 1212 745 1280 eaput
758 1220 843 1264 mma
855 1212 950 1265 tuum.

266 1291 411 1368 Quaeque
425 1291 491 1351 dies
506 1290 627 1363 bellum,
641 1288 779 1349 belilubi
794 1288 916 1349 sustulit
928 1287 1013 1362 mam,

305 1375 442 1450 Parsque
457 1374 545 1434 simul
557 1373 679 1448 templis
692 1379 822 1447 utraque
836 1371 918 1432 douo
929 1371 1005 1432 tulit.

264 1458 366 1534 thue
380 1465 450 1519 tuus
464 1457 578 1533 gaudet
590 1456 686 1529 miles,
706 1454 791 1530 quod
802 1454 909 1515 vicerit
920 1454 1049 1545 bostem,

218 1555 254 1611 bu
306 1541 357 1602 Sic
370 1542 483 1601 vietum
497 1556 551 1601 eur
560 1555 600 1601 se
614 1540 753 1614 gaudeat
767 1538 867 1599 hostis
880 1536 981 1599 habet
1046 1570 1049 1575 >

268 1625 367 1688 Causa
380 1639 449 1684 meu
462 1630 510 1684 est
523 1625 638 1697 melior,
654 1622 706 1696 qui
720 1637 778 1682 nee
792 1622 943 1682 contraria
954 1621 1041 1682 dieor

308 1708 411 1781 Arma,
426 1723 483 1768 neo
497 1707 624 1767 hostiles
640 1721 717 1773 esse
726 1713 851 1767 secutus
866 1719 954 1781 opes.

266 1791 325 1855 Per
338 1806 430 1864 more,
446 1806 501 1866 per
513 1798 621 1865 terras,
637 1805 692 1865 per
705 1790 794 1848 tertia
806 1789 930 1850 numina
943 1789 1020 1863 uuo,

308 1874 366 1935 Per
379 1882 409 1935 te
423 1880 616 1950 praesentem
630 1873 893 1948 conspicuumque
907 1873 1013 1932 deum:

219 1959 355 2022 binHune
369 1958 502 2018 animum
515 1957 630 2017 lavisse
645 1955 706 2028 tibi,
721 1956 768 2015 vir
781 1955 921 2030 maxime,
936 1969 1057 2031 meque,

310 2041 376 2116 Qua
389 2043 456 2103 sola
470 2035 563 2115 poltri,
578 2045 679 2099 mente
693 2039 789 2099 luisse
804 2044 897 2098 tuum.

271 2123 387 2201 Optavi,
403 2130 524 2201 peteres
540 2124 683 2183 caelestia
697 2121 799 2182 sidera
811 2122 907 2197 tarde,

193 2222 197 2231 ’
311 2206 448 2284 Parsque
461 2207 504 2266 lui
518 2206 624 2266 turbae
637 2220 733 2282 parva
745 2205 898 2281 preeuntis
912 2204 1001 2279 idem,

270 2291 308 2352 lit
322 2292 373 2367 pia
386 2300 453 2352 tura
467 2290 538 2349 dedi
553 2305 610 2365 pro
625 2297 663 2364 te,
679 2304 809 2363 eumque
824 2289 965 2350 omuibus
979 2289 1060 2373 uqu's

217 2380 253 2436 60
303 2376 374 2451 lpse
392 2388 516 2450 quoque
533 2373 635 2434 adiuvi
655 2373 778 2448 publiea
793 2381 866 2434 vota
880 2373 966 2433 meis.

268 2458 349 2535 Quid
359 2459 489 2518 referam
502 2456 606 2529 libros,
620 2457 690 2517 illos
706 2471 839 2532 quoque,
857 2456 983 2516 erimina
994 2462 1109 2528 nostra

311 2541 393 2602 Mille
407 2541 484 2601 loeis
497 2541 606 2614 plenos
621 2539 751 2599 nominis
763 2554 835 2600 asse
847 2540 913 2601 tuit

269 2625 391 2701 inspice
404 2625 502 2684 maius
513 2639 601 2699 opus,
618 2623 702 2699 quod
712 2623 812 2682 adhue
823 2623 891 2684 sine
901 2622 962 2684 flue
972 2621 1090 2700 reliqui,

311 2711 345 2769 In
359 2725 420 2770 non
436 2707 607 2769 credendos
619 2722 750 2782 corpora
760 2721 852 2767 versa
863 2708 990 2769 modost

222 2800 256 2858 65
269 2792 411 2855 invenias
423 2791 517 2852 vestri
527 2791 693 2867 praeconia
706 2790 837 2851 nominis
851 2791 921 2867 illie,

310 2876 449 2935 Invenies
465 2875 555 2937 animi
566 2874 694 2950 pignora
704 2874 797 2934 multa
811 2873 881 2935 mei.

270 2959 338 3020 Non
351 2964 402 3018 tua
411 2958 601 3020 eamninibus
615 2959 712 3018 maior
724 2958 757 3017 lit
772 2958 876 3031 gloria.
898 2972 957 3018 nee
971 2970 1043 3034 quo,

313 3042 353 3103 Ut
367 3041 463 3102 maior
475 3042 536 3116 ilat,
549 3054 690 3102 erescere
702 3041 810 3116 possit,
826 3041 927 3101 habet.

271 3126 364 3188 Fama
378 3124 443 3186 lovi
455 3132 605 3199 superest.
625 3132 727 3184 tamen
740 3125 821 3184 hune
832 3139 888 3183 sua
898 3126 979 3185 laeta
987 3123 1093 3184 relerri

226 3217 262 3274 lo
313 3208 351 3270 Et
363 3224 398 3270 se
411 3208 566 3268 materiam
580 3208 721 3269 carminis
732 3222 803 3267 osse
816 3208 907 3282 iuvat,
1020 3228 1025 3237 ·

274 3292 410 3368 Cumque
423 3291 559 3366 Gigantei
572 3299 779 3352 memorantur
788 3291 911 3371 proelia
922 3290 1011 3367 bellis

315 3376 463 3436 Credibile
476 3381 525 3434 est
536 3374 648 3455 laetum
661 3373 803 3434 laudibus
817 3388 889 3434 esse
902 3374 979 3435 suis.

272 3459 314 3520 'le
328 3458 482 3520 eelebrent
493 3455 544 3518 alii
557 3464 671 3534 quanto
685 3457 775 3517 deeet
785 3470 849 3532 ore,
859 3462 992 3534 masque
