2602 3816
161 227 224 294 180
550 229 609 291 EX
629 227 774 292 PONTO

241 383 283 443 At
297 381 369 445 mihi
382 380 511 456 dilapsis
525 381 602 442 inter
616 396 697 441 nova
710 377 822 455 gaudio
836 378 916 440 curis

282 465 403 527 Excidit
417 465 566 541 asperitas
581 464 672 533 huius
686 464 790 537 iniqua
803 463 872 523 loci.

240 547 323 622 Ergo
337 547 406 621 ubi,
419 549 492 608 Iane
505 547 627 622 biceps,
640 545 765 622 longum
779 546 966 609 reseraveris
984 556 1108 621 annum,

283 632 392 693 Pulsus
407 638 437 690 et
450 647 470 691 a
482 646 571 691 sacro
586 645 692 691 mense
704 628 872 690 December
886 630 950 703 erit,

191 717 226 772 25
238 713 374 790 Purpura
386 713 562 788 Pompeium
577 712 685 773 summi
698 711 812 775 velabit
824 711 960 787 honoris,

282 797 327 857 Ne
339 797 431 857 titulis
447 796 612 871 quicquam
623 793 734 856 debeat
742 795 796 861 ,ille
810 796 885 877 suis.

241 879 372 941 Cernere
385 880 445 938 iam
458 879 567 939 videor
579 879 684 953 rumpi,
699 879 867 953 penetralia
880 878 976 953 turba,

281 964 319 1025 Et
334 963 479 1038 populum
493 962 573 1022 laedi
588 961 748 1022 deficiente
762 961 841 1034 loco,

239 1046 423 1121 Templaque
436 1045 582 1120 Tarpeiae
596 1045 726 1121 primum
739 1043 793 1105 tibi
807 1045 890 1105 sedis
906 1044 992 1117 adiri,

189 1129 226 1184 30
278 1129 316 1189 Et
330 1129 395 1187 lieri
409 1128 515 1188 faciles
531 1128 561 1187 in
575 1134 628 1188 tua
642 1135 713 1189 vota
728 1128 821 1207 deos=

238 1211 323 1272 Colla
335 1212 432 1272 boves
447 1212 554 1272 niveos
571 1217 671 1273 certae
685 1209 833 1286 praebere
847 1209 957 1285 securi,

168 1342 171 1347 .
278 1294 360 1369 Quos
375 1295 448 1355 oluit
463 1294 579 1370 campis
594 1293 690 1359 herba
703 1293 824 1353 Falisca
838 1294 918 1354 suis=

238 1377 374 1452 cumque
388 1378 465 1438 deos
479 1388 601 1452 omnes,
620 1383 683 1437 tum
698 1392 776 1452 quos
790 1378 948 1452 inpensius
963 1391 1080 1452 aequos

276 1461 357 1521 Esse
370 1460 424 1521 tibi
439 1461 561 1536 cupias,
577 1477 645 1521 curn
658 1460 732 1521 love
746 1459 859 1520 Caesar
873 1460 938 1520 erit.

188 1540 223 1599 35
238 1544 326 1604 Curia
343 1551 373 1604 te
387 1544 532 1625 excipiet,
551 1551 716 1619 patresque
730 1559 748 1603 e
762 1559 847 1603 more
860 1543 960 1615 vocati

259 1652 262 1659 r
277 1627 436 1688 Intendent
451 1643 541 1688 aures
557 1627 597 1686 ad
611 1628 662 1687 tuti
675 1627 770 1687 verba
784 1642 867 1687 snas.
916 1624 918 1631 ’

236 1710 301 1771 Hos
315 1710 368 1771 ubi
382 1710 513 1772 facundo
527 1718 581 1770 tua
593 1726 656 1769 vox
669 1710 842 1769 hilaraverit
857 1725 918 1782 ore,

202 1798 205 1809 “
276 1794 376 1870 thue
390 1796 482 1867 solet,
497 1794 597 1853 tulerit
609 1809 759 1868 prospera
772 1788 868 1853 verba
882 1793 958 1863 dies,
1039 1828 1043 1835 ι

151 1928 157 1945 t
240 1878 347 1953 Egeris
362 1878 392 1939 el
404 1877 526 1939 meritas
541 1875 661 1952 superis
676 1893 745 1937 cunr
760 1875 890 1936 Caesare
903 1881 1043 1950 grates...
1070 1951 1075 1955 ι

193 1956 230 2013 40
249 1955 252 1961 ’
275 1960 330 2035 Qui
345 1977 482 2034 causam,
498 1960 592 2021 iacias
607 1975 660 2019 cur
673 1959 715 2020 ita
727 1974 837 2035 saepe,
856 1958 968 2019 dabit.u

236 2045 311 2105 Inde
324 2045 448 2105 domum
461 2050 582 2117 repetes
598 2050 660 2102 toto
678 2043 839 2105 comitante
859 2051 975 2117 senatu,

281 2126 421 2187 Officium
434 2126 540 2201 populi
554 2126 606 2186 vix
623 2126 761 2202 capiente
776 2126 879 2187 domo.

236 2209 286 2270 Me
299 2210 461 2282 miserum,
473 2207 562 2268 turba
576 2209 659 2284 quod
674 2225 736 2269 non
751 2224 808 2284 ego
824 2226 931 2270 cernar
945 2210 975 2268 in
990 2208 1050 2291 illa,
1164 2268 1167 2275 Δ

278 2291 340 2351 Nec
355 2291 912 2367 poterunt'istisluminanostralrui!
1000 2318 1007 2341 ι
1164 2284 1167 2360 ff

186 2381 220 2436 45
235 2374 407 2449 Quamlibet,
415 2375 585 2449 absentem,
602 2392 662 2449 qua
676 2391 819 2452 possum,
832 2385 933 2438 mente
947 2374 1074 2435 videbor
1164 2426 1167 2433 .

277 2458 417 2535 Aspiciet
431 2460 531 2523 vultus
546 2459 682 2525 consulis
697 2460 748 2519 illa
763 2461 820 2520 sui.

234 2540 271 2601 Di
286 2543 410 2617 iaciant,
424 2542 527 2616 aliquo
543 2542 652 2602 subeat
665 2542 718 2603 tibi
731 2550 867 2618 tempore
884 2550 1022 2602 nostrum

275 2624 407 2702 Nomen,
421 2633 450 2687 et
464 2626 569 2687 ‘Heut'
585 2626 671 2686 dicas
689 2626 775 2701 ‘quid
789 2627 881 2687 miser
895 2626 944 2685 ille
959 2624 1060 2683 laeit‘l’

234 2706 318 2767 Haec
331 2716 384 2779 tua
395 2709 550 2786 pertulerit
563 2709 591 2768 si
605 2710 674 2784 quis
688 2708 760 2768 mihi
773 2710 882 2785 verba,
897 2706 1014 2769 fatebor

184 2799 220 2850 50
272 2791 411 2859 Protinus
427 2794 550 2855 exilium
563 2791 684 2854 mollius
699 2807 893 2869 esseroeunr.
964 2844 968 2853 .

553 2933 754 2953 aun—qn*

182 2971 222 3064 t.
273 3006 333 3067 ,lo
357 3005 543 3070 suxrun
562 3008 812 3071 ronpnruor.

237 3087 300 3193 lte,
317 3125 509 3199 levespelegh
525 3126 632 3186 doctas
647 3128 687 3188 ad
701 3127 837 3189 consuls
856 3142 955 3203 aures,
988 3200 991 3208 ¹

272 3207 435 3281 Verbaque
443 3208 597 3277 ,honorato
612 3211 688 3281 secte
701 3209 832 3284 legenda
845 3211 920 3271 viro.
947 3264 949 3271 ,
1068 3252 1073 3275 ι,

230 3291 336 3364 Longa
350 3291 401 3350 via
413 3298 469 3351 est.
498 3307 556 3351 nec
571 3310 629 3354 vos
644 3291 773 3369 pedibus
788 3294 955 3367 proceditis
970 3294 1093 3369 aequis:

270 3372 421 3448 Tectaque
434 3373 563 3439 brumali
577 3376 634 3436 sub
646 3376 715 3436 nive
728 3382 810 3435 terra
823 3378 902 3438 latet.

206 3462 222 3511 5
238 3454 310 3515 cum
324 3457 454 3546 gelidam
467 3456 602 3519 Thracen
617 3465 649 3520 et
661 3465 800 3536 opertum
814 3461 945 3523 nubibus
960 3422 1097 3523 llaenron
