2598 3812
487 231 528 305 n,
546 227 585 306 o,
608 227 740 303 reso.
904 240 905 251 ¹
1068 234 1133 324 111·

251 379 353 456 thue
366 380 469 455 decet,
485 397 526 442 ne
540 389 570 443 te
583 383 691 445 vicerit
702 384 771 460 iila,
784 400 887 460 caves,
994 416 998 422 ·

211 463 249 529 Et
262 463 549 541 bosean-pugnes,
563 466 643 527 bene
655 475 797 542 pugnans
811 469 909 533 efficit.
919 467 1028 531 hostis.

254 546 305 608 Sic
319 548 427 609 eadem
441 549 572 624 prodest
587 566 684 615 causa
696 559 847 628 nocetque
860 551 943 613 mini
1132 551 1134 562 '

160 639 196 693 55
212 629 334 692 Scilicet
345 632 514 706 indignum,
530 632 648 695 iuvenis
664 634 835 708 rarissima
850 636 940 699 uocis

248 715 290 775 Te
304 714 524 779 floricomitem
539 718 693 785 snudsin
710 718 784 779 orbe
798 719 885 780 dcee.
930 776 932 781 .
951 788 953 791 ¹

209 796 328 859 Firmus
341 814 393 872 cs,
407 806 439 859 ot
454 800 598 875 quoniam
612 816 675 863 non
687 810 760 867 sucu
773 817 826 878 ea,
844 801 948 878 quatu
962 802 1067 877 velles,

250 882 329 943 Veia
343 882 426 956 roais
442 885 826 961 quassae‘qualiaomnqoe
839 888 924 951 ratis.

212 964 356 1041 Quaeque
370 965 414 1026 ito
428 974 662 1038 concussa-est,
676 975 711 1028 ut
723 969 784 1029 ium
797 984 909 1033 casura
922 976 1049 1047 putetur,

95 1086 97 1091 -
161 1051 198 1109 60
251 1049 358 1110 Restat
368 1049 471 1111 adhue
486 1050 604 1117 umeris
614 1052 690 1117 totto
707 1052 794 1115 ruina
807 1053 901 1121 tuis„

209 1130 256 1191 ira
270 1132 393 1207 quidem
406 1134 503 1208 primo
520 1135 618 1201 iuerat
630 1142 683 1194 tua
696 1134 791 1209 insto,
804 1151 862 1197 nec
876 1139 945 1213 ipso

249 1215 375 1291 Lenior,
390 1215 529 1281 offensus
540 1219 592 1292 qui
610 1217 685 1278 mihi
698 1219 762 1279 iure
781 1219 845 1283 suit.
874 1248 876 1289 ς
935 1283 937 1291 ,

209 1298 326 1374 Quique
340 1301 428 1362 dolor
447 1308 553 1376 pectus
570 1302 718 1376 tetigisset
732 1302 871 1364 Caesaris
886 1303 946 1378 citi,
1001 1373 1004 1377 ¹

248 1383 335 1444 Illum
353 1384 474 1445 iurabas
490 1386 627 1460 protinus
639 1401 710 1446 esse
724 1392 816 1445 tuum.

157 1463 246 1528 ooUt
260 1473 360 1527 tamen
378 1468 481 1528 audita
494 1475 541 1528 est
554 1476 678 1530 nostrae
691 1469 745 1529 tibi
760 1464 856 1531 cladis
872 1461 977 1545 origo·
1017 1544 1022 1553 ¹
1072 1504 1076 1511 .
1157 1482 1158 1493 ¹

122 1630 125 1635 ,
248 1550 369 1619 Dionis
380 1552 488 1631 errotis
505 1552 691 1630 ingemuisse
704 1552 791 1625 mois.
1011 1588 1015 1593 -

207 1633 282 1695 Tum
295 1642 347 1694 tua
359 1650 408 1697 me
423 1636 555 1710 primurn
573 1636 667 1697 suiad
680 1635 780 1697 littere
796 1635 900 1713 coepit

249 1717 287 1777 Et
299 1719 419 1785 laesum·
430 1716 512 1781 flecti
526 1734 613 1794 spem
627 1718 704 1781 dare
721 1734 817 1795 posse
834 1719 935 1780 deum.

169 1856 173 1865 .
208 1801 302 1863 Movit
315 1802 465 1869 amicitiae
482 1809 545 1871 turn
559 1803 779 1864 tctconstantio
797 1803 917 1878 longae,
1010 1874 1017 1881 ¹

159 1889 194 1946 70
248 1887 327 1946 Ante
345 1893 416 1949 tuos
436 1893 521 1948 ornus
532 1902 620 1960 uuae
632 1886 707 1949 1111111
724 1892 835 1962 coepta
852 1884 916 1961 tuit,

184 2034 185 2045 ¹
205 1969 243 2029 Et
261 1971 346 2044 quod
360 1986 429 2033 ems
447 1970 514 2030 otiis
528 1971 642 2042 iactus,
657 1970 730 2031 1111111
744 1977 833 2031 natm
843 1970 975 2044 amicus,

248 2053 398 2129 Quodque
411 2053 464 2121 tibi
478 2054 508 2113 in
522 2053 609 2114 eneis
624 2054 733 2117 oscula
750 2055 849 2128 primo
866 2053 947 2114 dedi.

207 2136 295 2212 Quod
309 2153 379 2197 cum
391 2145 495 2198 vestm
507 2137 619 2209 domus
629 2139 744 2199 ¹teneris
758 2137 966 2214 mihisoroper
977 2130 1017 2196 ab
1034 2135 1122 2196 annis

249 2220 401 2291 (inlusit,
419 2236 491 2281 esse
504 2228 593 2282 vetus
609 2228 658 2280 m‘o
671 2221 726 2283 noi
745 2221 828 2296 cogit
844 2236 933 2283 onus.
1010 2239 1012 2242 ⁴

156 2302 339 2366 7511111111
359 2304 528 2378 dispater,
547 2305 652 2365 Latine
669 2306 814 2366 facundia
824 2305 955 2381 dogma,
991 2376 994 2381 ¹

238 2385 331 2460 ‘ane
345 2400 406 2448 non
419 2386 545 2447 inierior
561 2388 718 2457 nobilitate
732 2389 797 2460 suit,
916 2458 918 2461 ¹

154 2510 159 2519 -
204 2470 336 2543 Primus,
351 2478 385 2530 ut
396 2470 542 2529 auderem
558 2472 744 2532 committere
754 2470 892 2532 camnine
904 2470 1012 2546 iamne,

246 2554 375 2630 laodic
404 2553 516 2628 ingenii
528 2554 594 2615 dux
610 2556 665 2617 iuit
677 2554 729 2614 ille
742 2555 830 2630 met„

205 2636 281 2711 Nec,
297 2653 359 2712 quo
374 2636 415 2703 sit
428 2638 558 2712 primurn
570 2638 661 2700 nobis
677 2654 699 2698 a
712 2644 856 2714 tempore
864 2636 975 2710 erutus„
1050 2704 1056 2715 ¹
1084 2696 1086 2701 ,

154 2725 193 2782 80
245 2719 402 2783 contendo
417 2721 539 2789 fratrem
557 2737 655 2798 posse
666 2723 887 2793 referretuum.

203 2802 246 2863 Te
261 2811 363 2865 temen
380 2811 450 2864 onte
461 2805 561 2867 omnis
581 2806 623 2866 ito
638 2821 706 2867 sum
720 2804 906 2880 conplexus,
922 2810 956 2866 ut
970 2820 1051 2869 unus

246 2887 386 2962 Quolibet
400 2889 432 2948 in
448 2904 523 2950 casu
533 2889 635 2962 grona
650 2895 756 2949 nostra
773 2889 868 2949 iores.
983 2889 985 2895 ’

204 2969 314 3032 Ultimo
327 2988 375 3034 me
394 2972 583 3032 ocimoide
600 2972 787 3047 moestisque
802 2971 947 3033 cadentes

245 3054 374 3131 Excepit
387 3055 528 3117 lacrimas
542 3056 680 3117 Aethaiis
695 3057 761 3116 live
775 3056 880 3130 gerim

154 3138 277 3205 85011111
293 3139 347 3198 tibi
359 3139 532 3215 quaerenti,
548 3155 619 3200 num
631 3156 722 3201 verus
742 3139 865 3200 nuntius
881 3144 987 3209 esset·-

80 3222 83 3228 ⁴
244 3222 395 3285 Attulerat
413 3224 523 3298 culpae
542 3237 633 3298 quem
648 3227 729 3284 maia
742 3224 823 3289 famo
841 3237 936 3294 meuc,

203 3306 284 3368 inter
302 3306 477 3367 consessum
497 3306 587 3373 dubie
602 3306 755 3385 domoque
773 3311 932 3380 negantem
1043 3319 1049 3335 *

245 3387 429 3464 Haerebcrn,
446 3391 577 3464 pevidns
597 3391 689 3450 dante
705 3390 814 3451 timore
830 3393 929 3459 notos,

204 3471 414 3547 Exemptoque
426 3473 522 3548 nivis,
542 3489 634 3548 quam
652 3472 747 3535 mollit
763 3469 924 3545 aquaticus
943 3476 1066 3544 11111111,Ι
