<?xml version="1.0" encoding="UTF-8"?>
<!DOCTYPE html PUBLIC "-//W3C//DTD XHTML 1.0 Transitional//EN"
    "http://www.w3.org/TR/xhtml1/DTD/xhtml1-transitional.dtd">
<html xmlns="http://www.w3.org/1999/xhtml" xml:lang="en" lang="en">
 <head>
  <title>
</title>
<meta http-equiv="Content-Type" content="text/html;charset=utf-8" />
  <meta name='ocr-system' content='tesseract 3.04.00' />
  <meta name='ocr-capabilities' content='ocr_page ocr_carea ocr_par ocr_line ocrx_word'/>
</head>
<body>
  <div class='ocr_page' id='page_1' title='image "./povidiusnaso00merkgoog_0130.png"; bbox 0 0 2598 3812; ppageno 0'>
   <div class='ocr_carea' id='block_1_1' title="bbox 698 26 720 85">
    <p class='ocr_par' dir='ltr' id='par_1_1' title="bbox 698 26 720 85">
     <span class='ocr_line' id='line_1_1' title="bbox 698 26 720 85; baseline 0 0"><span class='ocrx_word' id='word_1_1' title='bbox 698 26 720 85; x_wconf 56' lang='lat'>²³.</span> 
     </span>
    </p>
   </div>
   <div class='ocr_carea' id='block_1_2' title="bbox 486 240 1139 321">
    <p class='ocr_par' dir='ltr' id='par_1_2' title="bbox 486 240 1139 321">
     <span class='ocr_line' id='line_1_2' title="bbox 486 240 1139 321; baseline 0.008 -16"><span class='ocrx_word' id='word_1_2' title='bbox 486 246 516 320; x_wconf 94' lang='lat' dir='ltr'>I,</span> <span class='ocrx_word' id='word_1_3' title='bbox 539 243 574 321; x_wconf 99' lang='grc'>1,</span> <span class='ocrx_word' id='word_1_4' title='bbox 594 240 712 320; x_wconf 76' lang='lat'>31-2,</span> <span class='ocrx_word' id='word_1_5' title='bbox 734 240 787 306; x_wconf 79' lang='lat'>25.</span> <span class='ocrx_word' id='word_1_6' title='bbox 809 292 814 298; x_wconf 87' lang='lat'><strong>.</strong></span> <span class='ocrx_word' id='word_1_7' title='bbox 1079 243 1139 310; x_wconf 76' lang='lat'>11⁵</span> 
     </span>
    </p>
   </div>
   <div class='ocr_carea' id='block_1_3' title="bbox 111 384 1096 1392">
    <p class='ocr_par' dir='ltr' id='par_1_3' title="bbox 111 384 1096 1392">
     <span class='ocr_line' id='line_1_3' title="bbox 122 384 886 472; baseline -0.003 -13"><span class='ocrx_word' id='word_1_8' title='bbox 122 384 129 406; x_wconf 87' lang='grc'><em>“</em></span> <span class='ocrx_word' id='word_1_9' title='bbox 215 397 308 459; x_wconf 83' lang='lat' dir='ltr'>Estur</span> <span class='ocrx_word' id='word_1_10' title='bbox 325 403 360 460; x_wconf 98' lang='grc' dir='ltr'>ιιι</span> <span class='ocrx_word' id='word_1_11' title='bbox 378 396 498 459; x_wconf 84' lang='lat' dir='ltr'>occulta</span> <span class='ocrx_word' id='word_1_12' title='bbox 516 394 620 456; x_wconf 88' lang='lat' dir='ltr'>vitiato</span> <span class='ocrx_word' id='word_1_13' title='bbox 635 395 771 457; x_wconf 79' lang='lat' dir='ltr'>teredine</span> <span class='ocrx_word' id='word_1_14' title='bbox 785 397 886 472; x_wconf 75' lang='lat' dir='ltr'>navis,</span> 
     </span>
     <span class='ocr_line' id='line_1_4' title="bbox 111 480 1025 557; baseline -0.011 -10"><span class='ocrx_word' id='word_1_15' title='bbox 111 522 114 527; x_wconf 83' lang='lat'><strong>·</strong></span> <span class='ocrx_word' id='word_1_16' title='bbox 162 489 200 547; x_wconf 76' lang='lat' dir='ltr'>io</span> <span class='ocrx_word' id='word_1_17' title='bbox 254 481 411 557; x_wconf 85' lang='lat' dir='ltr'>Aequorei</span> <span class='ocrx_word' id='word_1_18' title='bbox 426 480 571 555; x_wconf 83' lang='lat' dir='ltr'>scopulos</span> <span class='ocrx_word' id='word_1_19' title='bbox 588 487 621 540; x_wconf 91' lang='grc' dir='ltr'>ιιι</span> <span class='ocrx_word' id='word_1_20' title='bbox 639 487 728 539; x_wconf 85' lang='lat' dir='ltr'>cavat</span> <span class='ocrx_word' id='word_1_21' title='bbox 744 480 827 541; x_wconf 88' lang='lat' dir='ltr'>unda</span> <span class='ocrx_word' id='word_1_22' title='bbox 846 480 936 543; x_wconf 77' lang='lat' dir='ltr'>salis:</span> <span class='ocrx_word' id='word_1_23' title='bbox 1022 489 1025 496; x_wconf 88' lang='lat'>·</span> 
     </span>
     <span class='ocr_line' id='line_1_5' title="bbox 146 562 955 638; baseline -0.002 -12"><span class='ocrx_word' id='word_1_24' title='bbox 146 568 151 574; x_wconf 82' lang='lat'><strong><em>&#39;</em></strong></span> <span class='ocrx_word' id='word_1_25' title='bbox 214 565 344 626; x_wconf 88' lang='lat' dir='ltr'>Roditur</span> <span class='ocrx_word' id='word_1_26' title='bbox 357 571 390 625; x_wconf 89' lang='lat' dir='ltr'>ut</span> <span class='ocrx_word' id='word_1_27' title='bbox 406 562 516 624; x_wconf 83' lang='lat' dir='ltr'>scabra</span> <span class='ocrx_word' id='word_1_28' title='bbox 529 564 662 638; x_wconf 89' lang='lat' dir='ltr'>positum</span> <span class='ocrx_word' id='word_1_29' title='bbox 675 562 814 638; x_wconf 81' lang='lat' dir='ltr'><strong>rubigine</strong></span> <span class='ocrx_word' id='word_1_30' title='bbox 833 563 955 638; x_wconf 81' lang='lat' dir='ltr'>serrum,</span> 
     </span>
     <span class='ocr_line' id='line_1_6' title="bbox 186 635 956 724; baseline -0.005 -16"><span class='ocrx_word' id='word_1_31' title='bbox 186 635 196 657; x_wconf 83' lang='lat'><strong><em>‘</em></strong></span> <span class='ocrx_word' id='word_1_32' title='bbox 258 647 406 710; x_wconf 86' lang='lat' dir='ltr'>Conditus</span> <span class='ocrx_word' id='word_1_33' title='bbox 425 654 459 708; x_wconf 90' lang='lat' dir='ltr'>ut</span> <span class='ocrx_word' id='word_1_34' title='bbox 471 646 572 706; x_wconf 82' lang='lat' dir='ltr'>tineae</span> <span class='ocrx_word' id='word_1_35' title='bbox 586 641 724 724; x_wconf 83' lang='lat' dir='ltr'>‘carpitur</span> <span class='ocrx_word' id='word_1_36' title='bbox 742 661 796 708; x_wconf 86' lang='lat' dir='ltr'>ore</span> <span class='ocrx_word' id='word_1_37' title='bbox 811 646 903 706; x_wconf 71' lang='lat' dir='ltr'>iibere</span> <span class='ocrx_word' id='word_1_38' title='bbox 952 674 956 681; x_wconf 93' lang='lat'>·</span> 
     </span>
     <span class='ocr_line' id='line_1_7' title="bbox 216 730 982 807; baseline -0.001 -15"><span class='ocrx_word' id='word_1_39' title='bbox 216 730 269 792; x_wconf 85' lang='lat' dir='ltr'>Sio</span> <span class='ocrx_word' id='word_1_40' title='bbox 281 748 351 792; x_wconf 86' lang='lat' dir='ltr'>men</span> <span class='ocrx_word' id='word_1_41' title='bbox 369 736 537 807; x_wconf 85' lang='lat' dir='ltr'>perpetuos</span> <span class='ocrx_word' id='word_1_42' title='bbox 555 745 695 790; x_wconf 82' lang='lat' dir='ltr'>curarum</span> <span class='ocrx_word' id='word_1_43' title='bbox 708 736 836 806; x_wconf 77' lang='lat' dir='ltr'>pectora</span> <span class='ocrx_word' id='word_1_44' title='bbox 849 740 982 805; x_wconf 88' lang='lat' dir='ltr'>morsus,</span> 
     </span>
     <span class='ocr_line' id='line_1_8' title="bbox 257 812 928 891; baseline -0.003 -17"><span class='ocrx_word' id='word_1_45' title='bbox 257 813 332 875; x_wconf 83' lang='lat' dir='ltr'>Fine</span> <span class='ocrx_word' id='word_1_46' title='bbox 347 812 457 891; x_wconf 90' lang='lat' dir='ltr'>quibus</span> <span class='ocrx_word' id='word_1_47' title='bbox 473 814 556 873; x_wconf 87' lang='lat' dir='ltr'>nullo</span> <span class='ocrx_word' id='word_1_48' title='bbox 572 813 784 888; x_wconf 81' lang='lat' dir='ltr'>coniiciuntur,</span> <span class='ocrx_word' id='word_1_49' title='bbox 796 812 928 874; x_wconf 83' lang='lat' dir='ltr'>babent.</span> 
     </span>
     <span class='ocr_line' id='line_1_9' title="bbox 166 896 1096 974; baseline -0.009 -12"><span class='ocrx_word' id='word_1_50' title='bbox 166 906 202 964; x_wconf 79' lang='lat'>7⁵</span> <span class='ocrx_word' id='word_1_51' title='bbox 214 896 278 957; x_wconf 87' lang='lat' dir='ltr'>Nee</span> <span class='ocrx_word' id='word_1_52' title='bbox 293 899 380 974; x_wconf 90' lang='lat' dir='ltr'>prius</span> <span class='ocrx_word' id='word_1_53' title='bbox 400 898 432 958; x_wconf 94' lang='lat' dir='ltr'>bi</span> <span class='ocrx_word' id='word_1_54' title='bbox 449 904 581 958; x_wconf 85' lang='lat' dir='ltr'>mentem</span> <span class='ocrx_word' id='word_1_55' title='bbox 598 897 725 971; x_wconf 79' lang='lat' dir='ltr'><strong>stimuli,</strong></span> <span class='ocrx_word' id='word_1_56' title='bbox 746 912 838 972; x_wconf 85' lang='lat' dir='ltr'>quam</span> <span class='ocrx_word' id='word_1_57' title='bbox 856 897 919 958; x_wconf 84' lang='lat' dir='ltr'>vito</span> <span class='ocrx_word' id='word_1_58' title='bbox 932 896 1096 974; x_wconf 80' lang='lat' dir='ltr'>relinquet=</span> 
     </span>
     <span class='ocr_line' id='line_1_10' title="bbox 258 980 1042 1057; baseline 0 -16"><span class='ocrx_word' id='word_1_59' title='bbox 258 982 376 1057; x_wconf 81' lang='lat' dir='ltr'>Quique</span> <span class='ocrx_word' id='word_1_60' title='bbox 391 982 492 1052; x_wconf 85' lang='lat' dir='ltr'>dotet,¹</span> <span class='ocrx_word' id='word_1_61' title='bbox 508 980 597 1040; x_wconf 83' lang='lat' dir='ltr'>eitius</span> <span class='ocrx_word' id='word_1_62' title='bbox 613 996 705 1054; x_wconf 87' lang='lat' dir='ltr'>quam</span> <span class='ocrx_word' id='word_1_63' title='bbox 719 980 808 1040; x_wconf 90' lang='lat' dir='ltr'>dolor</span> <span class='ocrx_word' id='word_1_64' title='bbox 826 981 895 1056; x_wconf 88' lang='lat' dir='ltr'>ipse</span> <span class='ocrx_word' id='word_1_65' title='bbox 914 981 1012 1041; x_wconf 75' lang='lat' dir='ltr'>eaden</span> <span class='ocrx_word' id='word_1_66' title='bbox 1039 1032 1042 1041; x_wconf 92' lang='lat'>.</span> 
     </span>
     <span class='ocr_line' id='line_1_11' title="bbox 215 1064 1095 1141; baseline 0 -16"><span class='ocrx_word' id='word_1_67' title='bbox 215 1064 282 1126; x_wconf 90' lang='lat' dir='ltr'>Hon</span> <span class='ocrx_word' id='word_1_68' title='bbox 298 1064 370 1125; x_wconf 88' lang='lat' dir='ltr'>mibi</span> <span class='ocrx_word' id='word_1_69' title='bbox 385 1066 412 1126; x_wconf 90' lang='lat' dir='ltr'>si</span> <span class='ocrx_word' id='word_1_70' title='bbox 426 1065 545 1141; x_wconf 87' lang='lat' dir='ltr'>superi,</span> <span class='ocrx_word' id='word_1_71' title='bbox 565 1079 695 1138; x_wconf 87' lang='lat' dir='ltr'>quorum</span> <span class='ocrx_word' id='word_1_72' title='bbox 709 1079 814 1124; x_wconf 90' lang='lat' dir='ltr'>sumus</span> <span class='ocrx_word' id='word_1_73' title='bbox 829 1064 943 1139; x_wconf 85' lang='lat' dir='ltr'>omnia,</span> <span class='ocrx_word' id='word_1_74' title='bbox 962 1064 1095 1140; x_wconf 85' lang='lat' dir='ltr'>credent,</span> 
     </span>
     <span class='ocr_line' id='line_1_12' title="bbox 180 1144 1018 1223; baseline -0.005 -12"><span class='ocrx_word' id='word_1_75' title='bbox 180 1200 182 1211; x_wconf 83' lang='lat'>.</span> <span class='ocrx_word' id='word_1_76' title='bbox 256 1148 396 1209; x_wconf 82' lang='lat' dir='ltr'>Forsitan</span> <span class='ocrx_word' id='word_1_77' title='bbox 411 1146 521 1222; x_wconf 78' lang='lat' dir='ltr'>exigua</span> <span class='ocrx_word' id='word_1_78' title='bbox 540 1146 650 1223; x_wconf 78' lang='lat' dir='ltr'>dignus</span> <span class='ocrx_word' id='word_1_79' title='bbox 667 1144 806 1208; x_wconf 83' lang='lat' dir='ltr'>habebor</span> <span class='ocrx_word' id='word_1_80' title='bbox 820 1163 890 1223; x_wconf 90' lang='lat' dir='ltr'>ope,</span> <span class='ocrx_word' id='word_1_81' title='bbox 953 1202 957 1209; x_wconf 83' lang='lat'>.</span> <span class='ocrx_word' id='word_1_82' title='bbox 1014 1200 1018 1207; x_wconf 39' lang='lat'>2</span> 
     </span>
     <span class='ocr_line' id='line_1_13' title="bbox 214 1230 1043 1309; baseline -0.004 -16"><span class='ocrx_word' id='word_1_83' title='bbox 214 1233 312 1307; x_wconf 87' lang='lat' dir='ltr'>loque</span> <span class='ocrx_word' id='word_1_84' title='bbox 327 1233 428 1293; x_wconf 86' lang='lat' dir='ltr'>ionum</span> <span class='ocrx_word' id='word_1_85' title='bbox 444 1230 589 1309; x_wconf 80' lang='lat' dir='ltr'>Scythico</span> <span class='ocrx_word' id='word_1_86' title='bbox 607 1246 735 1291; x_wconf 83' lang='lat' dir='ltr'>vacuum</span> <span class='ocrx_word' id='word_1_87' title='bbox 750 1230 890 1292; x_wconf 85' lang='lat' dir='ltr'>mutabor</span> <span class='ocrx_word' id='word_1_88' title='bbox 907 1230 947 1291; x_wconf 86' lang='lat' dir='ltr'>ob</span> <span class='ocrx_word' id='word_1_89' title='bbox 961 1248 1043 1294; x_wconf 87' lang='lat' dir='ltr'>arou.</span> 
     </span>
     <span class='ocr_line' id='line_1_14' title="bbox 163 1312 851 1392; baseline -0.007 -13"><span class='ocrx_word' id='word_1_90' title='bbox 163 1323 200 1379; x_wconf 82' lang='lat'>8⁰</span> <span class='ocrx_word' id='word_1_91' title='bbox 253 1314 326 1377; x_wconf 89' lang='lat' dir='ltr'>Plus</span> <span class='ocrx_word' id='word_1_92' title='bbox 340 1316 416 1390; x_wconf 85' lang='lat' dir='ltr'>isto,</span> <span class='ocrx_word' id='word_1_93' title='bbox 431 1315 514 1392; x_wconf 89' lang='lat' dir='ltr'>duri,</span> <span class='ocrx_word' id='word_1_94' title='bbox 530 1314 557 1376; x_wconf 89' lang='lat' dir='ltr'>si</span> <span class='ocrx_word' id='word_1_95' title='bbox 571 1330 692 1391; x_wconf 80' lang='lat' dir='ltr'>precer,</span> <span class='ocrx_word' id='word_1_96' title='bbox 709 1312 773 1374; x_wconf 91' lang='lat' dir='ltr'>oris</span> <span class='ocrx_word' id='word_1_97' title='bbox 787 1329 851 1376; x_wconf 89' lang='lat' dir='ltr'>ero.</span> 
     </span>
    </p>
   </div>
   <div class='ocr_carea' id='block_1_4' title="bbox 160 1478 456 1598">
    <p class='ocr_par' dir='ltr' id='par_1_4' title="bbox 160 1478 456 1598">
     <span class='ocr_line' id='line_1_15' title="bbox 160 1478 456 1598; baseline 0.01 -3"><span class='ocrx_word' id='word_1_98' title='bbox 160 1501 205 1595; x_wconf 79' lang='lat'>2.</span> <span class='ocrx_word' id='word_1_99' title='bbox 260 1478 456 1598; x_wconf 53' lang='lat' dir='ltr'>un&#39;xrno.</span> 
     </span>
    </p>
   </div>
   <div class='ocr_carea' id='block_1_5' title="bbox 169 1615 1040 2405">
    <p class='ocr_par' dir='ltr' id='par_1_5' title="bbox 169 1615 1036 2405">
     <span class='ocr_line' id='line_1_16' title="bbox 218 1615 1002 1732; baseline 0.005 -18"><span class='ocrx_word' id='word_1_100' title='bbox 218 1615 372 1731; x_wconf 78' lang='lat' dir='ltr'>Maxime,</span> <span class='ocrx_word' id='word_1_101' title='bbox 387 1654 441 1732; x_wconf 87' lang='lat' dir='ltr'>qui</span> <span class='ocrx_word' id='word_1_102' title='bbox 455 1655 528 1717; x_wconf 81' lang='lat' dir='ltr'>tanti</span> <span class='ocrx_word' id='word_1_103' title='bbox 544 1672 717 1718; x_wconf 83' lang='lat' dir='ltr'>mensurum</span> <span class='ocrx_word' id='word_1_104' title='bbox 735 1655 867 1719; x_wconf 90' lang='lat' dir='ltr'>nominis</span> <span class='ocrx_word' id='word_1_105' title='bbox 885 1657 1002 1732; x_wconf 83' lang='lat' dir='ltr'>imples,</span> 
     </span>
     <span class='ocr_line' id='line_1_17' title="bbox 257 1738 852 1816; baseline 0.002 -19"><span class='ocrx_word' id='word_1_106' title='bbox 257 1738 295 1798; x_wconf 85' lang='lat' dir='ltr'>Et</span> <span class='ocrx_word' id='word_1_107' title='bbox 309 1741 445 1815; x_wconf 81' lang='lat' dir='ltr'>geminas</span> <span class='ocrx_word' id='word_1_108' title='bbox 460 1740 550 1801; x_wconf 83' lang='lat' dir='ltr'>animi</span> <span class='ocrx_word' id='word_1_109' title='bbox 565 1740 720 1802; x_wconf 84' lang='lat' dir='ltr'>nobilitate</span> <span class='ocrx_word' id='word_1_110' title='bbox 738 1755 852 1816; x_wconf 72' lang='lat' dir='ltr'>genusr</span> 
     </span>
     <span class='ocr_line' id='line_1_18' title="bbox 215 1820 1031 1901; baseline 0.002 -20"><span class='ocrx_word' id='word_1_111' title='bbox 215 1820 271 1895; x_wconf 78' lang='lat' dir='ltr'>Qui</span> <span class='ocrx_word' id='word_1_112' title='bbox 286 1822 372 1884; x_wconf 80' lang='lat' dir='ltr'>nesci</span> <span class='ocrx_word' id='word_1_113' title='bbox 391 1831 424 1885; x_wconf 90' lang='lat' dir='ltr'>ut</span> <span class='ocrx_word' id='word_1_114' title='bbox 437 1840 565 1901; x_wconf 84' lang='lat' dir='ltr'>posses,</span> <span class='ocrx_word' id='word_1_115' title='bbox 586 1824 725 1901; x_wconf 88' lang='lat' dir='ltr'>quamvis</span> <span class='ocrx_word' id='word_1_116' title='bbox 742 1823 882 1885; x_wconf 77' lang='lat' dir='ltr'>cecidere</span> <span class='ocrx_word' id='word_1_117' title='bbox 896 1829 1031 1897; x_wconf 79' lang='lat' dir='ltr'>trecenti,</span> <span class='ocrx_word' id='word_1_118' title='bbox 999 1824 1021 1883; x_wconf 75' lang='lat' dir='ltr'>t·</span> 
     </span>
     <span class='ocr_line' id='line_1_19' title="bbox 256 1903 892 1971; baseline 0.005 -6"><span class='ocrx_word' id='word_1_119' title='bbox 256 1903 323 1967; x_wconf 88' lang='lat' dir='ltr'>Non</span> <span class='ocrx_word' id='word_1_120' title='bbox 342 1921 447 1968; x_wconf 89' lang='lat' dir='ltr'>omnes</span> <span class='ocrx_word' id='word_1_121' title='bbox 463 1908 575 1971; x_wconf 81' lang='lat' dir='ltr'>Fabios</span> <span class='ocrx_word' id='word_1_122' title='bbox 593 1907 716 1970; x_wconf 83' lang='lat' dir='ltr'>abstulit</span> <span class='ocrx_word' id='word_1_123' title='bbox 729 1923 790 1969; x_wconf 82' lang='lat' dir='ltr'>uua</span> <span class='ocrx_word' id='word_1_124' title='bbox 809 1907 892 1968; x_wconf 86' lang='lat' dir='ltr'>dies</span> 
     </span>
     <span class='ocr_line' id='line_1_20' title="bbox 184 1986 1010 2068; baseline 0.001 -18"><span class='ocrx_word' id='word_1_125' title='bbox 184 1996 203 2050; x_wconf 78' lang='lat'><strong>5</strong></span> <span class='ocrx_word' id='word_1_126' title='bbox 216 1986 357 2050; x_wconf 82' lang='lat' dir='ltr'>Forsitan</span> <span class='ocrx_word' id='word_1_127' title='bbox 372 1989 449 2052; x_wconf 86' lang='lat' dir='ltr'>hae&#39;o</span> <span class='ocrx_word' id='word_1_128' title='bbox 463 2009 483 2053; x_wconf 86' lang='lat' dir='ltr'>a</span> <span class='ocrx_word' id='word_1_129' title='bbox 498 2010 559 2068; x_wconf 89' lang='lat' dir='ltr'>quo</span> <span class='ocrx_word' id='word_1_130' title='bbox 577 1992 710 2053; x_wconf 83' lang='lat' dir='ltr'>mittatur</span> <span class='ocrx_word' id='word_1_131' title='bbox 727 1992 857 2068; x_wconf 88' lang='lat' dir='ltr'>epistola</span> <span class='ocrx_word' id='word_1_132' title='bbox 869 2006 1010 2067; x_wconf 84' lang='lat' dir='ltr'>quaeras,</span> 
     </span>
     <span class='ocr_line' id='line_1_21' title="bbox 258 2064 1009 2150; baseline 0.001 -17"><span class='ocrx_word' id='word_1_133' title='bbox 258 2064 400 2148; x_wconf 80' lang='lat' dir='ltr'>Quisque</span> <span class='ocrx_word' id='word_1_134' title='bbox 409 2076 517 2150; x_wconf 85' lang='lat' dir='ltr'>loquar</span> <span class='ocrx_word' id='word_1_135' title='bbox 530 2083 646 2150; x_wconf 87' lang='lat' dir='ltr'>tenum,</span> <span class='ocrx_word' id='word_1_136' title='bbox 664 2075 775 2137; x_wconf 81' lang='lat' dir='ltr'>certior</span> <span class='ocrx_word' id='word_1_137' title='bbox 788 2091 861 2136; x_wconf 88' lang='lat' dir='ltr'>esse</span> <span class='ocrx_word' id='word_1_138' title='bbox 875 2074 1009 2136; x_wconf 89' lang='lat' dir='ltr'>velis..</span> 
     </span>
     <span class='ocr_line' id='line_1_22' title="bbox 213 2154 1040 2234; baseline 0.005 -19"><span class='ocrx_word' id='word_1_139' title='bbox 213 2154 249 2215; x_wconf 85' lang='lat' dir='ltr'>Ei</span> <span class='ocrx_word' id='word_1_140' title='bbox 263 2156 352 2217; x_wconf 85' lang='lat' dir='ltr'>nrihit</span> <span class='ocrx_word' id='word_1_141' title='bbox 371 2158 444 2234; x_wconf 91' lang='lat' dir='ltr'>quid</span> <span class='ocrx_word' id='word_1_142' title='bbox 458 2160 589 2220; x_wconf 84' lang='lat' dir='ltr'>ianiamt</span> <span class='ocrx_word' id='word_1_143' title='bbox 616 2175 742 2234; x_wconf 90' lang='lat' dir='ltr'>vereor,</span> <span class='ocrx_word' id='word_1_144' title='bbox 761 2175 801 2221; x_wconf 90' lang='lat' dir='ltr'>ne</span> <span class='ocrx_word' id='word_1_145' title='bbox 819 2159 942 2222; x_wconf 87' lang='lat' dir='ltr'>nomine</span> <span class='ocrx_word' id='word_1_146' title='bbox 957 2156 1040 2220; x_wconf 79' lang='lat' dir='ltr'>leuto</span> 
     </span>
     <span class='ocr_line' id='line_1_23' title="bbox 184 2238 869 2320; baseline 0.009 -22"><span class='ocrx_word' id='word_1_147' title='bbox 184 2243 204 2298; x_wconf 84' lang='lat'><em>8</em></span> <span class='ocrx_word' id='word_1_148' title='bbox 258 2238 359 2302; x_wconf 88' lang='lat' dir='ltr'>Durus</span> <span class='ocrx_word' id='word_1_149' title='bbox 374 2248 405 2303; x_wconf 86' lang='lat' dir='ltr'>et</span> <span class='ocrx_word' id='word_1_150' title='bbox 416 2258 526 2303; x_wconf 84' lang='lat' dir='ltr'>averso</span> <span class='ocrx_word' id='word_1_151' title='bbox 539 2250 640 2305; x_wconf 82' lang='lat' dir='ltr'>cetera</span> <span class='ocrx_word' id='word_1_152' title='bbox 655 2250 755 2304; x_wconf 88' lang='lat' dir='ltr'>mente</span> <span class='ocrx_word' id='word_1_153' title='bbox 772 2244 869 2320; x_wconf 81' lang='lat' dir='ltr'>legas.</span> 
     </span>
     <span class='ocr_line' id='line_1_24' title="bbox 169 2322 911 2405; baseline 0.003 -20"><span class='ocrx_word' id='word_1_154' title='bbox 169 2330 204 2385; x_wconf 89' lang='lat'>11</span> <span class='ocrx_word' id='word_1_155' title='bbox 217 2322 353 2385; x_wconf 81' lang='lat' dir='ltr'>Videris.</span> <span class='ocrx_word' id='word_1_156' title='bbox 381 2326 502 2386; x_wconf 84' lang='lat' dir='ltr'>audebo</span> <span class='ocrx_word' id='word_1_157' title='bbox 516 2327 569 2388; x_wconf 87' lang='lat' dir='ltr'>tibi</span> <span class='ocrx_word' id='word_1_158' title='bbox 583 2343 632 2387; x_wconf 92' lang='lat' dir='ltr'>me</span> <span class='ocrx_word' id='word_1_159' title='bbox 647 2326 811 2405; x_wconf 78' lang='lat' dir='ltr'>scripsisse</span> <span class='ocrx_word' id='word_1_160' title='bbox 825 2327 911 2388; x_wconf 84' lang='lat' dir='ltr'>fateri</span> 
     </span>
    </p>
   </div>
   <div class='ocr_carea' id='block_1_6' title="bbox 130 2488 1115 3638">
    <p class='ocr_par' dir='ltr' id='par_1_6' title="bbox 130 2488 1115 3638">
     <span class='ocr_line' id='line_1_25' title="bbox 130 2488 961 2570; baseline 0.002 -20"><span class='ocrx_word' id='word_1_161' title='bbox 130 2491 136 2498; x_wconf 87' lang='lat'>&#39;</span> <span class='ocrx_word' id='word_1_162' title='bbox 214 2488 287 2564; x_wconf 80' lang='lat' dir='ltr'>Qui,</span> <span class='ocrx_word' id='word_1_163' title='bbox 303 2505 372 2553; x_wconf 85' lang='lat' dir='ltr'>eum</span> <span class='ocrx_word' id='word_1_164' title='bbox 390 2508 439 2553; x_wconf 87' lang='lat' dir='ltr'>rne</span> <span class='ocrx_word' id='word_1_165' title='bbox 457 2508 559 2570; x_wconf 85' lang='lat' dir='ltr'>poena</span> <span class='ocrx_word' id='word_1_166' title='bbox 573 2493 697 2569; x_wconf 77' lang='lat' dir='ltr'>dignum</span> <span class='ocrx_word' id='word_1_167' title='bbox 710 2494 851 2570; x_wconf 74' lang='lat' dir='ltr'>graviore</span> <span class='ocrx_word' id='word_1_168' title='bbox 865 2493 961 2555; x_wconf 82' lang='lat' dir='ltr'>tuisse</span> 
     </span>
     <span class='ocr_line' id='line_1_26' title="bbox 256 2574 876 2654; baseline 0.003 -20"><span class='ocrx_word' id='word_1_169' title='bbox 256 2574 421 2652; x_wconf 84' lang='lat' dir='ltr'>confitear,</span> <span class='ocrx_word' id='word_1_170' title='bbox 436 2590 564 2652; x_wconf 90' lang='lat' dir='ltr'>possum</span> <span class='ocrx_word' id='word_1_171' title='bbox 577 2578 630 2637; x_wconf 88' lang='lat' dir='ltr'>vix</span> <span class='ocrx_word' id='word_1_172' title='bbox 646 2579 788 2653; x_wconf 71' lang='lat' dir='ltr'>graviora</span> <span class='ocrx_word' id='word_1_173' title='bbox 802 2578 876 2654; x_wconf 66' lang='lat' dir='ltr'>pati!</span> 
     </span>
     <span class='ocr_line' id='line_1_27' title="bbox 166 2655 1049 2738; baseline 0.002 -21"><span class='ocrx_word' id='word_1_174' title='bbox 166 2664 201 2718; x_wconf 79' lang='lat'>1⁵</span> <span class='ocrx_word' id='word_1_175' title='bbox 214 2655 362 2719; x_wconf 88' lang='lat' dir='ltr'>Hostibus</span> <span class='ocrx_word' id='word_1_176' title='bbox 376 2659 407 2719; x_wconf 90' lang='lat' dir='ltr'>in</span> <span class='ocrx_word' id='word_1_177' title='bbox 423 2660 531 2720; x_wconf 89' lang='lat' dir='ltr'>mediis</span> <span class='ocrx_word' id='word_1_178' title='bbox 551 2660 689 2738; x_wconf 89' lang='lat' dir='ltr'>interque</span> <span class='ocrx_word' id='word_1_179' title='bbox 708 2661 845 2736; x_wconf 80' lang='lat' dir='ltr'>pericula</span> <span class='ocrx_word' id='word_1_180' title='bbox 859 2674 976 2734; x_wconf 85' lang='lat' dir='ltr'>versor,</span> <span class='ocrx_word' id='word_1_181' title='bbox 1020 2704 1023 2709; x_wconf 19' lang='grc' dir='ltr'><strong>Α</strong></span> <span class='ocrx_word' id='word_1_182' title='bbox 1046 2692 1049 2697; x_wconf 94' lang='grc'>-</span> 
     </span>
     <span class='ocr_line' id='line_1_28' title="bbox 254 2740 1009 2820; baseline -0.003 -19"><span class='ocrx_word' id='word_1_183' title='bbox 254 2742 419 2819; x_wconf 82' lang='lat' dir='ltr'>Tamqunm</span> <span class='ocrx_word' id='word_1_184' title='bbox 439 2758 508 2803; x_wconf 86' lang='lat' dir='ltr'>eum</span> <span class='ocrx_word' id='word_1_185' title='bbox 514 2744 619 2818; x_wconf 84' lang='lat' dir='ltr'>petrin</span> <span class='ocrx_word' id='word_1_186' title='bbox 633 2760 696 2820; x_wconf 89' lang='lat' dir='ltr'>pax</span> <span class='ocrx_word' id='word_1_187' title='bbox 712 2744 751 2805; x_wconf 89' lang='lat' dir='ltr'>sit</span> <span class='ocrx_word' id='word_1_188' title='bbox 769 2740 910 2818; x_wconf 78' lang='lat' dir='ltr'>adempta</span> <span class='ocrx_word' id='word_1_189' title='bbox 923 2741 1009 2802; x_wconf 70' lang='lat' dir='ltr'>mihi:</span> 
     </span>
     <span class='ocr_line' id='line_1_29' title="bbox 212 2823 1010 2913; baseline 0.003 -29"><span class='ocrx_word' id='word_1_190' title='bbox 212 2823 284 2900; x_wconf 77' lang='lat' dir='ltr'>Qui,</span> <span class='ocrx_word' id='word_1_191' title='bbox 298 2827 405 2894; x_wconf 86' lang='lat' dir='ltr'>mortis</span> <span class='ocrx_word' id='word_1_192' title='bbox 419 2839 514 2886; x_wconf 88' lang='lat' dir='ltr'>saevo</span> <span class='ocrx_word' id='word_1_193' title='bbox 533 2827 686 2902; x_wconf 80' lang='lat' dir='ltr'>geminent</span> <span class='ocrx_word' id='word_1_194' title='bbox 703 2834 736 2886; x_wconf 90' lang='lat' dir='ltr'>ut</span> <span class='ocrx_word' id='word_1_195' title='bbox 754 2825 877 2886; x_wconf 87' lang='lat' dir='ltr'>vulnere</span> <span class='ocrx_word' id='word_1_196' title='bbox 890 2841 1010 2913; x_wconf 80' lang='lat' dir='ltr'>causus,</span> 
     </span>
     <span class='ocr_line' id='line_1_30' title="bbox 255 2907 844 2985; baseline 0.007 -19"><span class='ocrx_word' id='word_1_197' title='bbox 255 2907 361 2970; x_wconf 84' lang='lat' dir='ltr'>Omnia</span> <span class='ocrx_word' id='word_1_198' title='bbox 375 2910 500 2985; x_wconf 91' lang='lat' dir='ltr'>vipereo</span> <span class='ocrx_word' id='word_1_199' title='bbox 517 2910 637 2985; x_wconf 81' lang='lat' dir='ltr'>spicula</span> <span class='ocrx_word' id='word_1_200' title='bbox 653 2910 724 2970; x_wconf 88' lang='lat' dir='ltr'>ieiie</span> <span class='ocrx_word' id='word_1_201' title='bbox 738 2909 844 2970; x_wconf 87' lang='lat' dir='ltr'>linunt.</span> 
     </span>
     <span class='ocr_line' id='line_1_31' title="bbox 212 2977 1115 3068; baseline 0.004 -18"><span class='ocrx_word' id='word_1_202' title='bbox 212 2989 267 3050; x_wconf 89' lang='lat' dir='ltr'>His</span> <span class='ocrx_word' id='word_1_203' title='bbox 282 3007 378 3068; x_wconf 86' lang='lat' dir='ltr'>eques</span> <span class='ocrx_word' id='word_1_204' title='bbox 398 2994 562 3054; x_wconf 82' lang='lat' dir='ltr'>instructus</span> <span class='ocrx_word' id='word_1_205' title='bbox 575 2994 734 3067; x_wconf 80' lang='lat' dir='ltr'>perterrita</span> <span class='ocrx_word' id='word_1_206' title='bbox 749 2993 871 3054; x_wconf 88' lang='lat' dir='ltr'>moenia</span> <span class='ocrx_word' id='word_1_207' title='bbox 883 2977 991 3056; x_wconf 81' lang='lat' dir='ltr'>lustrat</span> <span class='ocrx_word' id='word_1_208' title='bbox 1105 3006 1115 3041; x_wconf 58' lang='grc' dir='ltr'><em>ὕ</em></span> 
     </span>
     <span class='ocr_line' id='line_1_32' title="bbox 163 3074 888 3153; baseline 0.006 -19"><span class='ocrx_word' id='word_1_209' title='bbox 163 3081 199 3135; x_wconf 73' lang='lat' dir='ltr'>to</span> <span class='ocrx_word' id='word_1_210' title='bbox 255 3074 341 3136; x_wconf 89' lang='lat' dir='ltr'>More</span> <span class='ocrx_word' id='word_1_211' title='bbox 353 3076 418 3153; x_wconf 88' lang='lat' dir='ltr'>tupi</span> <span class='ocrx_word' id='word_1_212' title='bbox 438 3077 559 3137; x_wconf 80' lang='lat' dir='ltr'>clausas</span> <span class='ocrx_word' id='word_1_213' title='bbox 575 3075 788 3137; x_wconf 86' lang='lat' dir='ltr'>circumeuntis</span> <span class='ocrx_word' id='word_1_214' title='bbox 803 3092 888 3138; x_wconf 84' lang='lat' dir='ltr'>oves</span> 
     </span>
     <span class='ocr_line' id='line_1_33' title="bbox 212 3157 967 3237; baseline -0.004 -16"><span class='ocrx_word' id='word_1_215' title='bbox 212 3157 253 3221; x_wconf 81' lang='lat' dir='ltr'>At</span> <span class='ocrx_word' id='word_1_216' title='bbox 270 3160 364 3221; x_wconf 87' lang='lat' dir='ltr'>semei</span> <span class='ocrx_word' id='word_1_217' title='bbox 380 3161 511 3222; x_wconf 89' lang='lat' dir='ltr'>intentus</span> <span class='ocrx_word' id='word_1_218' title='bbox 524 3175 620 3221; x_wconf 86' lang='lat' dir='ltr'>nervo</span> <span class='ocrx_word' id='word_1_219' title='bbox 635 3159 712 3220; x_wconf 89' lang='lat' dir='ltr'>levis</span> <span class='ocrx_word' id='word_1_220' title='bbox 728 3175 816 3222; x_wconf 84' lang='lat' dir='ltr'>arcus</span> <span class='ocrx_word' id='word_1_221' title='bbox 831 3161 943 3237; x_wconf 86' lang='lat' dir='ltr'>equino</span> <span class='ocrx_word' id='word_1_222' title='bbox 959 3209 967 3218; x_wconf 88' lang='lat'>.</span> 
     </span>
     <span class='ocr_line' id='line_1_34' title="bbox 253 3242 1012 3320; baseline 0.001 -19"><span class='ocrx_word' id='word_1_223' title='bbox 253 3242 384 3304; x_wconf 83' lang='lat' dir='ltr'>Vincula</span> <span class='ocrx_word' id='word_1_224' title='bbox 399 3260 520 3320; x_wconf 86' lang='lat' dir='ltr'>semper</span> <span class='ocrx_word' id='word_1_225' title='bbox 533 3242 650 3304; x_wconf 88' lang='lat' dir='ltr'>habens</span> <span class='ocrx_word' id='word_1_226' title='bbox 669 3243 837 3305; x_wconf 86' lang='lat' dir='ltr'>inresoluta</span> <span class='ocrx_word' id='word_1_227' title='bbox 849 3249 960 3305; x_wconf 85' lang='lat' dir='ltr'>menet.</span> <span class='ocrx_word' id='word_1_228' title='bbox 1009 3285 1012 3291; x_wconf 81' lang='grc'>.</span> 
     </span>
     <span class='ocr_line' id='line_1_35' title="bbox 211 3321 977 3402; baseline 0.005 -18"><span class='ocrx_word' id='word_1_229' title='bbox 211 3321 302 3385; x_wconf 82' lang='lat' dir='ltr'>Tecta</span> <span class='ocrx_word' id='word_1_230' title='bbox 315 3327 413 3400; x_wconf 83' lang='lat' dir='ltr'>rigent</span> <span class='ocrx_word' id='word_1_231' title='bbox 426 3326 496 3388; x_wconf 85' lang='lat' dir='ltr'>fixis</span> <span class='ocrx_word' id='word_1_232' title='bbox 510 3328 603 3387; x_wconf 86' lang='lat' dir='ltr'>veluti</span> <span class='ocrx_word' id='word_1_233' title='bbox 617 3327 730 3389; x_wconf 83' lang='lat' dir='ltr'>vallata</span> <span class='ocrx_word' id='word_1_234' title='bbox 744 3328 870 3402; x_wconf 82' lang='lat' dir='ltr'>sagittis,</span> <span class='ocrx_word' id='word_1_235' title='bbox 975 3386 977 3395; x_wconf 58' lang='lat'>,</span> 
     </span>
     <span class='ocr_line' id='line_1_36' title="bbox 251 3406 951 3484; baseline 0.003 -19"><span class='ocrx_word' id='word_1_236' title='bbox 251 3406 403 3484; x_wconf 88' lang='lat' dir='ltr'>Portaque</span> <span class='ocrx_word' id='word_1_237' title='bbox 421 3411 474 3469; x_wconf 84' lang='lat' dir='ltr'>vix</span> <span class='ocrx_word' id='word_1_238' title='bbox 489 3411 577 3471; x_wconf 84' lang='lat' dir='ltr'>firma</span> <span class='ocrx_word' id='word_1_239' title='bbox 590 3417 759 3484; x_wconf 86' lang='lat' dir='ltr'>summovet</span> <span class='ocrx_word' id='word_1_240' title='bbox 773 3426 857 3472; x_wconf 87' lang='lat' dir='ltr'>omno</span> <span class='ocrx_word' id='word_1_241' title='bbox 871 3425 951 3473; x_wconf 87' lang='lat' dir='ltr'>seru.</span> 
     </span>
     <span class='ocr_line' id='line_1_37' title="bbox 161 3489 992 3566; baseline 0 -14"><span class='ocrx_word' id='word_1_242' title='bbox 161 3499 197 3552; x_wconf 80' lang='lat' dir='ltr'>to</span> <span class='ocrx_word' id='word_1_243' title='bbox 212 3489 302 3552; x_wconf 82' lang='lat' dir='ltr'>Adde</span> <span class='ocrx_word' id='word_1_244' title='bbox 316 3491 375 3552; x_wconf 86' lang='lat' dir='ltr'>inei</span> <span class='ocrx_word' id='word_1_245' title='bbox 391 3491 499 3553; x_wconf 81' lang='lat' dir='ltr'>faeiem</span> <span class='ocrx_word' id='word_1_246' title='bbox 513 3508 571 3554; x_wconf 87' lang='lat' dir='ltr'>neo</span> <span class='ocrx_word' id='word_1_247' title='bbox 589 3493 698 3557; x_wconf 84' lang='lat' dir='ltr'>fronde</span> <span class='ocrx_word' id='word_1_248' title='bbox 712 3510 770 3556; x_wconf 87' lang='lat' dir='ltr'>nee</span> <span class='ocrx_word' id='word_1_249' title='bbox 788 3491 896 3554; x_wconf 86' lang='lat' dir='ltr'>arbore</span> <span class='ocrx_word' id='word_1_250' title='bbox 913 3491 992 3566; x_wconf 81' lang='lat' dir='ltr'>teeti,</span> 
     </span>
     <span class='ocr_line' id='line_1_38' title="bbox 886 3573 925 3638; baseline 0 -29"><span class='ocrx_word' id='word_1_251' title='bbox 886 3573 925 3638; x_wconf 70' lang='lat'>8*</span> 
     </span>
    </p>
   </div>
   <div class='ocr_carea' id='block_1_7' title="bbox 0 0 1304 3812">
    <p class='ocr_par' dir='ltr' id='par_1_7' title="bbox 0 0 1304 3812">
     <span class='ocr_line' id='line_1_39' title="bbox 0 0 1304 3812; baseline 0 0"><span class='ocrx_word' id='word_1_252' title='bbox 0 0 1304 3812; x_wconf 95' lang='lat' dir='ltr'> </span> 
     </span>
    </p>
   </div>
  </div>
 </body>
</html>
