2598 3812
470 227 520 301 ru,
540 224 569 299 1,
591 225 725 290 ‘aa-oe.
1008 313 1012 323 f
1038 228 1100 295 ιιι

173 378 271 440 Crede
285 376 367 450 mihi,
383 375 524 452 quotiens
538 377 674 438 laudaris
688 378 820 440 rumine
834 388 948 454 nostro,
1033 412 1038 422 ·
1069 426 1071 435 ι

213 463 271 536 Qui
284 460 356 535 legit
369 460 426 521 bes
440 460 557 534 laudes,
577 477 616 521 au
631 477 777 536 mereare,
798 471 895 540 rogat

171 547 272 621 thue
287 547 391 604 favere
404 558 475 604 reor
487 545 591 619 plures
605 545 765 607 virtutibus
779 547 855 621 istis,

214 629 265 690 Sic
278 635 331 689 tua
346 642 405 687 non
421 642 539 701 paneae
554 643 681 703 carpere
692 631 771 690 taeta
786 632 896 691 volent.

129 723 165 778 65
176 713 275 787 Quare
287 718 319 772 tu
336 718 466 785 praesta
488 726 527 770 ne
540 710 633 772 Livor
646 712 748 773 dicere
762 716 862 788 possit

196 795 307 855 ‚³Haee
322 800 370 854 est
384 809 439 869 pro
454 795 557 855 miseri
570 795 652 855 lenta
666 796 763 857 salute
779 798 856 857 viri'

173 879 308 955 Cumque
322 893 379 952 ego
396 877 545 951 deficiam,
562 894 623 939 nee
638 880 755 953 possim
770 881 881 945 ducere
896 898 1023 959 currum,

212 962 272 1022 Fae
285 968 319 1022 tu
332 961 486 1021 sustineas
500 961 600 1023 debite
615 963 682 1024 sola
696 962 808 1037 iugum.

172 1046 223 1106 Ad
236 1045 386 1105 medicum
402 1053 508 1120 speetu
522 1045 610 1106 venis
625 1046 808 1120 fugientibus
823 1064 929 1124 aeger:

131 1138 167 1194 io
215 1129 326 1190 Ultima
340 1145 413 1204 pars
427 1129 545 1189 animae
560 1130 632 1189 dnm
646 1130 717 1188 mihi
731 1139 833 1204 restat
852 1135 938 1196 ades.

173 1212 321 1288 Quodque
336 1228 394 1287 ego
411 1220 607 1287 praestarem,
627 1214 655 1273 si
668 1221 698 1273 te
711 1215 808 1289 magis
823 1215 890 1290 ipse
904 1220 1046 1293 vaterem,

103 1372 108 1376 α
211 1295 246 1355 Id
260 1296 341 1368 mihi,
363 1312 432 1356 oum
446 1297 553 1357 valeus
565 1297 673 1357 fortius
688 1298 766 1372 ipsu
789 1299 878 1358 refer.

171 1378 272 1453 Exigit
285 1379 345 1439 hoe
359 1379 484 1439 socialis
499 1395 586 1441 amor
600 1381 771 1456 foedusque
784 1384 937 1445 marituma

186 1498 189 1504 ,
213 1461 349 1524 Moribus
364 1463 434 1537 hee,
455 1464 597 1538 coniunx,
619 1465 717 1539 exigis
732 1464 800 1541 ipsa
813 1466 883 1526 tuis.

130 1555 164 1611 75
174 1546 242 1606 Hoe
256 1546 359 1608 domui
373 1547 479 1620 debes,
501 1547 541 1606 de
556 1564 619 1624 qua
632 1551 777 1621 censeris,
798 1556 831 1610 ut
845 1549 927 1631 iilarp

210 1629 277 1689 Nou
294 1630 391 1705 magis
408 1630 518 1690 officiis
534 1647 625 1705 quem
638 1633 788 1707 probitate
802 1635 896 1695 colas.

172 1714 286 1774 Cunna
298 1714 369 1775 lieet
383 1715 488 1789 iacias,
507 1715 567 1775 nisi
581 1715 641 1776 eris
655 1713 815 1785 laudabitis
831 1734 917 1793 uxor,

211 1797 277 1857 Non
293 1799 403 1873 poterit
418 1798 501 1857 aredi
514 1798 629 1861 Mareia
644 1801 725 1860 culta
736 1800 799 1859 tibi.

171 1881 233 1941 Nee
248 1898 353 1942 sumus
368 1882 494 1957 indigni.
526 1898 592 1956 nee,
613 1884 640 1944 si
654 1884 702 1944 vis
714 1899 788 1944 vera
803 1884 897 1959 fateri,

129 1975 166 2028 80
214 1964 349 2025 Debetur
362 1966 476 2026 meritis
491 1967 588 2040 gratia
601 1967 684 2027 nulla
696 1969 782 2027 meis.

171 2048 319 2109 Redditur
332 2049 384 2109 ilia
400 2049 524 2125 quidem
537 2051 646 2126 grandi
663 2068 731 2111 curn
746 2053 850 2112 fenore
864 2050 960 2124 nobis,

211 2132 274 2191 Nee
288 2141 327 2205 te,
350 2132 377 2193 si
392 2134 502 2208 oupiat,
525 2137 647 2195 laedere
661 2151 765 2194 rumor
778 2135 879 2196 habet.
1077 2130 1079 2139 ’

173 2214 234 2275 Sed
250 2223 351 2276 tamen
365 2216 425 2277 boe
440 2218 529 2277 iactis
544 2218 676 2294 adiunge
690 2219 842 2295 prioribus
855 2236 957 2292 unum,

212 2298 270 2359 Pro
285 2300 398 2360 uostris
412 2308 445 2360 ut
458 2301 502 2360 sis
515 2299 678 2363 ambitiosa
691 2304 787 2363 malis.

129 2392 165 2445 85»
174 2383 214 2443 Ut
226 2383 325 2443 minus
340 2383 451 2444 infesta
466 2383 582 2444 iaeeaur
595 2386 735 2461 regione,
757 2387 878 2447 laboras

214 2465 328 2526 Claude
340 2482 397 2526 nee
412 2467 506 2527 officii
519 2472 591 2543 pars
606 2470 662 2530 erit
675 2471 737 2530 istiu
750 2471 803 2530 tui.

171 2548 282 2623 Magna
296 2557 376 2635 peto,
397 2551 454 2611 sed
468 2567 530 2611 non
543 2558 643 2613 temen
658 2554 810 2615 invidiosa
823 2553 953 2627 roganti:
1058 2594 1061 2600 ,

212 2632 313 2709 thue
326 2649 364 2693 ea
378 2650 440 2694 uon
454 2640 568 2710 teneas,
589 2643 654 2698 tuta
667 2639 790 2712 repulsa
804 2645 855 2697 tue
868 2643 924 2695 est.

105 2774 111 2781 ,
168 2715 235 2775 Nee
248 2717 321 2777 mihi
334 2734 492 2793 succense,
513 2719 623 2781 totiens
638 2720 665 2780 si
680 2722 812 2780 oannine
825 2725 930 2780 nostro

129 2806 166 2860 90
217 2799 305 2873 Quod
320 2802 405 2875 iacis,
426 2810 459 2862 ut
474 2803 578 2879 iacias,
599 2812 690 2878 teque
705 2804 829 2874 imitere,
851 2817 938 2876 rogo.

172 2883 311 2944 Fortibus
326 2886 461 2946 assuevit
475 2884 595 2946 tubicen
610 2887 770 2962 prodesse.
805 2901 923 2961 suoque

213 2966 281 3026 Dux
295 2967 374 3029 bene
389 2969 551 3045 pugnantis
565 2970 668 3030 incitat
682 2985 735 3029 ore
748 2969 844 3034 viros.

172 3048 250 3109 Nota
264 3057 315 3112 tua
328 3060 377 3113 est
390 3052 524 3131 probitas
540 3058 710 3128 testataque
724 3061 844 3129 ternpus
859 3054 889 3113 iu
904 3068 1006 3114 omne:

129 3176 134 3187 .
214 3132 260 3194 Sit
275 3136 368 3198 virtus
383 3137 472 3198 etiarn
487 3151 548 3196 non
562 3136 712 3211 probitate
726 3138 833 3197 minor.

128 3220 164 3274 95
173 3215 240 3276 Non
253 3218 307 3278 tibi
319 3219 489 3281 Amazonia
502 3226 550 3280 est
562 3236 619 3297 pro
634 3235 682 3281 ure
697 3221 846 3282 sumenda
859 3219 985 3290 securis,

213 3301 276 3360 Aut
290 3303 395 3364 exeisa
408 3304 468 3363 levi
483 3305 713 3380 pelta'gerenda
726 3319 827 3366 manu.

172 3382 288 3443 Numen
303 3385 492 3447 adorandum
507 3395 563 3448 est
595 3403 656 3448 non
671 3395 702 3447 nt
714 3388 788 3449 milti
800 3388 854 3448 flet
867 3385 1004 3461 andrum,

213 3464 278 3531 Sed
291 3468 331 3529 sit
342 3475 377 3530 ut
388 3470 505 3545 iratum,
528 3488 618 3547 quarn
633 3471 687 3533 iuit
699 3479 779 3547 unte,
801 3470 910 3572 minus.
