2598 3812
399 177 442 251 lt,
461 175 515 253 10,
536 173 675 254 eu-tu,
696 173 732 253 l,
753 174 807 241 22.
1043 122 1106 245 tas

178 328 260 404 Ergo
276 325 361 403 quod
375 326 473 390 iuerat
485 328 615 390 stimulis
629 330 746 390 iactura
759 330 827 390 sine
839 329 919 405 uilis,

32 408 41 421 '
130 422 169 477 20
220 411 343 472 Plenius
361 419 517 471 auctorem
530 420 560 472 te
581 429 706 488 quoque
719 414 925 474 nanctafaeit.

181 498 264 557 Acer
277 500 307 554 et
323 495 363 553 ud
378 496 497 570 palmae
515 512 571 571 per
586 512 621 557 se
638 512 783 557 cursurus
796 497 939 573 honorae,

225 579 257 639 Si
271 585 370 660 tamen
386 578 529 653 horteris,
546 582 652 641 lortius
668 581 723 644 ibit
737 595 847 654 equus.

182 662 287 733 Adde,
305 662 389 736 quod
403 663 538 724 absentis
553 680 626 724 eura
638 663 778 724 mandata
795 663 878 724 fideli

220 745 354 817 Perfiois,
376 752 406 805 et
419 746 535 807 nullum
547 749 625 808 ierne
639 747 777 823 gravans
792 762 879 806 onus.

130 836 167 891 uo
182 828 220 889 O!
237 829 369 889 reserant
386 837 501 904 grates,
519 833 663 906 quoniam
676 847 737 890 non
752 845 917 906 possumus
930 830 1000 906 ipsi,

216 913 253 972 Di
269 912 332 972 tibi.
361 913 412 989 qui
427 914 572 989 referent,
587 915 614 974 ai
627 916 772 990 piasiaota
785 914 898 974 vident.

180 993 380 1071 sufficiatque
395 998 447 1057 diu
462 1012 576 1073 corpus
591 1014 715 1074 quoque
730 998 865 1060 moribus
878 994 954 1073 istis,

220 1079 353 1141 Maxima
362 1081 499 1142 Fundani
514 1083 619 1157 gioria,
631 1083 721 1155 Rufe,
736 1081 804 1142 soii.
871 1076 874 1083 ’

386 1348 536 1433 trono
577 1284 812 1435 ruiturus·

130 1503 172 1601 1.
221 1538 377 1600 uxoat
442 1492 444 1497 ⁵

186 1620 317 1735 Aequor
329 1659 452 1718 Iasonio
468 1657 746 1734 pulsatumnemige
762 1657 900 1735 primun,

124 1743 131 1751 '
219 1742 363 1817 Quaeque
377 1758 434 1803 neo
448 1742 537 1801 hoste
551 1743 615 1803 iero
631 1756 687 1800 neo
702 1743 786 1816 nive,
800 1749 894 1816 terra,
910 1754 1005 1816 tareS,

180 1821 312 1902 Ecquod
324 1825 379 1886 erit
396 1834 532 1902 tempus,
548 1841 609 1900 quo
626 1840 683 1885 vos
700 1841 757 1900 ego
772 1826 854 1886 Naso
870 1826 1046 1902 relinquam,

221 1911 255 1970 In
268 1910 367 1969 minus
381 1909 483 1970 hostili
497 1910 601 1969 iussus
616 1909 726 1968 abesse
740 1911 832 1969 loool

156 1998 173 2049 o
186 1993 236 2052 An
249 1993 322 2053 mihi
336 1993 476 2053 barbaria
490 1993 654 2053 vivendum
670 2008 793 2068 semper
805 1993 836 2053 in
848 1994 928 2054 ialal

225 2077 322 2152 Inque
335 2077 491 2137 Tomitana
505 2078 621 2138 condar
635 2084 755 2153 oportet
767 2077 883 2137 humol

183 2159 263 2220 Pace
276 2168 364 2231 tua,..
379 2160 406 2220 si
421 2177 483 2236 pax
497 2161 557 2219 ulla
571 2160 699 2235 esttibi,
714 2161 839 2221 Pontica
853 2161 951 2235 tellus,

225 2244 381 2304 Finitimus
399 2245 507 2319 rapido
525 2260 616 2318 quarn
629 2245 697 2304 terit
710 2244 808 2307 hostis
822 2260 934 2319 equo...

184 2326 263 2389 Pace
275 2335 328 2388 tuo
342 2327 459 2389 dixisse
472 2328 572 2388 velim,
601 2335 632 2388 tu
647 2329 780 2403 pessima
795 2329 872 2389 duro

135 2421 171 2474 to
224 2411 298 2472 Pars
310 2426 344 2471 es
359 2411 389 2470 in
403 2411 510 2485 exilio,
524 2419 556 2491 tu
571 2413 650 2472 maia
665 2418 770 2472 nostro
783 2428 904 2486 gravas.

185 2496 228 2555 Tu
245 2510 345 2571 neque
361 2510 417 2554 ver
433 2495 528 2555 sentis
543 2495 673 2556 alnetum
691 2494 819 2556 florente
833 2509 955 2566 corone,

225 2579 270 2639 Tu
283 2594 384 2653 neque
397 2594 568 2639 messorum
583 2594 714 2654 corpora
728 2579 810 2638 nuda
825 2579 922 2638 vides.

184 2661 247 2722 Neo
260 2661 314 2721 tibi
328 2663 507 2737 pampineas
522 2671 683 2728 autumnus
698 2662 824 2737 porrigit
837 2676 929 2720 uvasz

227 2745 339 2806 Cuncta
355 2746 412 2805 sed
429 2746 611 2806 inmodicum
626 2744 870 2819 lamporairigus
885 2741 1005 2806 habent.

138 2831 172 2884 1⁵
185 2830 230 2889 Tu
243 2830 340 2903 glacie
354 2830 430 2893 freta
443 2830 546 2889 vineta
560 2836 655 2903 tenes,
677 2835 706 2887 et
720 2827 750 2887 in
764 2841 899 2900 aequore
912 2826 1007 2902 piscis

227 2913 366 2974 Inclusus
381 2919 461 2973 teoto
475 2928 570 2987 saepe
587 2911 805 2984 natavitaqua.
874 2940 878 2947 ’

185 2996 250 3056 Neo
261 2996 314 3055 tibi
334 3004 405 3057 sunt
414 2997 533 3069 tontes,
550 2995 647 3055 laticis
661 2993 719 3053 nisi
735 2990 833 3068 paene
846 2991 963 3068 marini,

228 3079 285 3154 Qut
299 3088 390 3154 potus
401 3080 527 3141 dubium
541 3079 628 3138 sistat
644 3079 742 3136 alatne
757 3077 845 3136 sitimt

186 3162 282 3238 Rara,
298 3178 398 3239 neque
413 3165 495 3224 haec·
505 3163 593 3234 felix,
608 3161 639 3219 in
654 3161 767 3235 apertis
783 3160 894 3221 eminet
910 3156 991 3219 arvis

101 3278 105 3287 .
136 3254 172 3308 20
225 3247 336 3306 Arbor.
364 3254 394 3307 el
408 3248 438 3308 in
452 3256 533 3309 terna
547 3251 595 3305 est
613 3245 706 3304 attera
721 3245 818 3306 iurata
831 3242 933 3304 maria.
975 3314 978 3321 Ι

185 3329 252 3391 Non
267 3330 334 3388 avis
349 3329 537 3405 obloquitur,
554 3329 655 3403 silvis,
671 3328 730 3403 nisi
744 3328 847 3402 siqua,
861 3323 995 3397 remotis,

223 3414 405 3495 Aequoreos
419 3428 513 3474 rauco
525 3420 646 3488 guttura
658 3419 743 3489 potat
757 3425 863 3486 oquas.
907 3454 911 3465 .
1029 3468 1031 3473 .
