2586 3820
40 327 44 335 ,
129 260 132 265 ’
167 254 230 319 aaa
539 250 797 315 aasruauu

186 415 239 471 eto
295 404 452 481 sqadenu
464 405 544 466 Dido
563 402 796 480 sanguinulenta
810 416 899 464 cama

249 489 287 550 Et
300 489 408 565 ‘Fuge
428 506 467 549 ne
482 488 599 562 dubita,
620 494 784 562 maestum,
805 487 891 562 tuge’
908 488 1013 551 didere
1026 495 1181 552 11601661)

292 572 354 633 Sub
370 573 496 632 verbum
511 572 654 646 querulas
670 569 778 646 inpullt
791 584 865 631 aura
880 570 973 631 iores.

249 656 354 731 Exuit,
368 663 400 716 et
413 656 505 715 velox
520 653 623 713 humili
638 670 732 729 super
745 669 820 715 arva
834 655 968 714 fenestra

293 738 334 799 Sa
348 739 426 800 iacit.
455 738 602 798 audacem
617 736 925 813 tenerattpsetimor.
957 782 960 789 .

185 829 237 886 616
252 822 378 898 Quaque
391 828 472 881 metu
486 820 616 895 rapitur,
632 820 734 881 tunica
748 822 849 880 velata
859 821 996 883 'reeineta

292 905 404 977 Currit,
421 910 453 979 ut
467 903 578 963 auditis
592 903 696 963 territa
710 903 830 965 damma
841 904 936 980 iupis.

250 990 396 1063 Corniger
408 986 488 1047 hana
501 986 621 1062 cupidis
634 986 775 1063 rapuisse
788 988 943 1049 Numicius
956 987 1048 1050 undis

293 1071 444 1144 creditur,
461 1076 491 1135 61
503 1070 620 1146 stagnis
636 1071 808 1135 6666161666
823 1072 897 1132 6616.
962 1096 966 1103 ·

250 1153 373 1216 Sidonis
389 1155 503 1215 interea
516 1169 626 1231 magno
642 1154 774 1215 elamore
788 1160 949 1230 peragras

186 1243 239 1299 660
290 1238 457 1313 Quaeritur.
484 1243 635 1313 apparent
648 1237 736 1312 signa
749 1245 903 1313 notaeque
916 1237 1045 1314 pedumz

130 1388 132 1393 ,
249 1324 381 1383 Ventum
394 1328 459 1382 erat
473 1323 513 1382 ad
526 1323 619 1398 ripas.
648 1321 764 1382 inerant
777 1320 908 1397 vestigia
920 1321 1026 1398 ripis...

292 1405 442 1468 Sustinuit
455 1405 563 1466 tacitas
579 1404 722 1465 conscius
737 1404 836 1464 amnis
850 1420 979 1481 aquas...

249 1489 321 1565 Ipsa
334 1491 418 1565 loqui
431 1490 500 1550 uisa
514 1487 700 1550 6611166111
715 1503 783 1548 sunu
797 1489 938 1566 nympha
950 1487 1085 1555 Numici}

291 1573 390 1634 Amne
405 1588 539 1650 perenne
552 1574 649 1633 lutens
663 1571 754 1631 Anna
768 1569 905 1632 Perenna
920 1572 1043 1634 vocor?

166 1656 170 1675 ¹
187 1666 239 1723 666
253 1654 393 1719 Protinus
408 1658 515 1718 erratis
529 1656 599 1717 laeti
614 1655 824 1716 vescuntur‘in
840 1655 931 1731 agris,

293 1741 332 1802 Et
345 1741 499 1802 celebrant
511 1741 595 1815 largo
610 1754 736 1814 remque
750 1737 893 1813 diemque
909 1740 1027 1799 mer0.‘'

251 1823 328 1886 Sunt
352 1824 463 1903 quibus
482 1823 560 1883 haee
579 1823 665 1883 Luna
684 1827 745 1897 est,
773 1822 844 1897 quia
868 1822 1025 1883 mensibus
1050 1822 1177 1899 impleat

856 1921 981 1967 annum:
1032 1914 1035 1923 ’

291 1990 365 2051 Pars
379 1989 518 2066 Thunin,
536 1989 689 2063 Inachiam
702 2005 774 2067 pars
789 1992 874 2066 putat
891 1988 1095 2051 6666666616.

250 2075 407 2146 Invenies,
423 2076 474 2149 qui
489 2082 518 2134 te
534 2073 689 2152 nymphen
703 2073 858 2133 Atlantida
872 2072 981 2146 dicant,
1000 2092 1003 2099 ’

187 2160 239 2219 660
292 2158 395 2233 Teque
409 2157 476 2218 Invi
489 2158 621 2233 primus,
636 2158 748 2231 Anna.
757 2157 882 2217 dedisse
896 2157 993 2217 cibus.
1025 2160 1028 2167 “

249 2241 333 2302 Haec
345 2254 477 2315 queque,
494 2256 584 2315 quam
596 2240 736 2312 reseram,
747 2239 1018 2318 nostraspervenit
1028 2238 1068 2299 ad
1080 2254 1176 2301 aures
1270 2294 1271 2307 ,

290 2321 393 2383 Fama.
420 2336 511 2384 6666
526 2324 591 2383 veri
606 2323 735 2383 dissidet
749 2323 799 2382 ilia
813 2323 884 2384 fide:
1270 2324 1271 2331 ’

248 2404 339 2467 Plebs
354 2411 444 2467 vetus
457 2414 487 2466 et
500 2408 590 2467 nuliis
605 2407 767 2477 etiamtunc
780 2414 844 2467 tuta
857 2406 986 2468 tribunis

290 2489 390 2566 Fugit,
406 2498 436 2552 et
449 2491 479 2550 in
491 2488 580 2550 Sacri
594 2491 708 2549 6661166
722 2491 834 2551 montis
850 2499 924 2551 erat.

187 2575 316 2639 dentata
332 2590 471 2649 quoque,
487 2576 577 2648 quem
592 2575 851 2653 seaumpulerant,
867 2572 1105 2635 defeneratus

290 2657 398 2718 Vietus
413 2658 442 2719 ei
455 2657 595 2716 humanis
609 2656 715 2716 usibus
730 2654 912 2732 aptb‘aeres.
955 2658 958 2664 “

129 2744 135 2759 ”
251 2739 322 2801 Oria
337 2740 519 2802 suburbanis
534 2740 684 2814 quaedam
699 2740 753 2799 1611
766 2741 855 2800 Anna
867 2740 1003 2814 Bouillis,
1269 2756 1270 2833 p

290 2822 424 2899 Pauper,
439 2824 497 2885 sed
511 2822 642 2883 mundae
656 2823 826 2883 sedulitatis
841 2834 927 2885 anus.
948 2872 951 2877 ,
985 2828 989 2875 ;
1060 2836 1065 2853 ’

250 2906 316 2976 1116,
332 2907 393 2965 levi
407 2908 494 2967 mitra
508 2923 603 2967 eanos
617 2906 757 2966 redimita
772 2909 929 2984 capillos„
951 2928 953 2935 ’
992 2946 1003 2959 v.
1024 2930 1039 2973 ῃ

187 3004 239 3062 610
291 2988 438 3066 Fingebat
451 2990 578 3050 tremula
592 2990 706 3049 rustica
720 2990 938 3050 liba‘ma'nun:
999 2990 1003 2997 '

250 3074 351 3148 Atque
370 3072 410 3133 ita
425 3089 481 3149 per
495 3073 641 3150 populum
656 3073 801 3133 fumantia
814 3070 907 3133 mane*
916 3071 1036 3141 solebat

290 3155 448 3217 Dividere.
469 3157 547 3218 haee
560 3159 677 3232 populo
692 3157 782 3232 appia
795 3162 880 3232 ginta
894 3155 958 3216 mit
1008 3178 1012 3186 ·

249 3240 328 3300 Paee
342 3240 424 3299 domi
439 3241 519 3301 16616
533 3240 652 3314 signum
666 3242 799 3315 pbsue're
813 3252 957 3313 perenne,¹
1015 3240 1035 3291 I‘

292 3322 379 3395 Quod
394 3324 452 3383 sibi
466 3323 594 3383 deiectis
608 3323 660 3382 iila
673 3322 792 3382 tulisset
805 3334 906 3395 apem.
936 3348 948 3355 ·’
996 3334 1000 3373 t
1066 3354 1070 3361 .

186 3413 237 3469 616
251 3404 336 3465 Nunc
350 3406 436 3481 mihi,
453 3421 507 3465 cur
521 3413 654 3478 cantent,
670 3404 826 3478 superest,
835 3403 975 3465 ‘obsaena
987 3402 1119 3480 ptietlae,

290 3486 407 3549 bibere.
434 3504 505 3548 nam
521 3494 646 3564 coeunt,
660 3487 1067 3564 certaquepmuraeamut
