2582 3810
461 134 573 261 i11,5,
594 182 766 260 &aaa
1074 189 1116 257 45

211 358 216 369 ·
229 338 414 400 Caesareum
427 341 524 412 caput
532 344 588 411 est
604 337 690 415 quod
703 345 795 414 caput
808 336 896 407 urbia
906 347 985 401 arata

189 421 257 483 Non
272 421 388 496 aliquid
401 421 474 492 dixi,
487 421 684 498 violentaque
696 422 914 497 linguatorum
927 431 984 498 est,

229 504 397 580 Lapsaque
412 510 483 564 sunt
497 504 589 566 ninid
604 507 699 566 verbu
711 507 841 581 profana
853 519 948 565 meru.

191 588 293 648 inscia
307 588 391 663 qued
406 587 519 651 crimen
533 588 675 650 viderunt
687 590 816 663 lumina,
823 590 953 664 plectar,
1047 634 1050 643 ,
1075 648 1079 655 ,

21 710 22 713 =
142 681 178 733 50
230 662 454 747 peccatumque
468 670 575 732 ocuics
588 680 636 734 est
649 672 796 735 habuisse
809 687 918 733 meum.

189 753 256 814 Non
271 755 412 830 equidem
426 760 522 815 totam
534 770 662 828 possum
676 757 841 819 defendere
855 755 989 830 cuipam:

230 836 293 897 Sed
307 845 425 913 partem
438 835 535 898 nestri
549 837 682 901 criminis
697 854 785 902 emur
795 838 895 899 habet.

191 918 270 995 Spes
286 921 376 996 igitur
390 925 541 996 superest,
556 921 715 996 facturum,
728 922 888 984 utmofiiat
900 921 968 998 ipse

228 1003 333 1064 Mutati
348 1020 478 1078 poenam
493 1002 676 1067 condicione
687 1006 757 1066 luci.

140 1090 174 1146 55
188 1085 275 1147 Hunc
289 1087 403 1148 utinam
418 1087 503 1147 nitidi
518 1086 600 1148 Sulis
614 1090 810 1162 praenuntius
825 1094 923 1153 ortum

225 1169 345 1232 Afferat
356 1171 493 1233 admisso
509 1170 630 1231 Lucifer
643 1171 842 1249 abus-equor
886 1226 890 1235 ,

128 1300 169 1392 fi·
187 1298 316 1399 Foedus
332 1337 484 1417 amicitiae
493 1353 551 1398 nec
563 1337 621 1412 vis,
636 1338 801 1414 carissime,
815 1348 947 1413 nostrae,

227 1421 289 1481 Nec
304 1421 331 1483 si
345 1422 423 1482 forte
435 1420 522 1495 velis,
536 1421 731 1485 dissimulare
746 1431 845 1498 petes.
864 1454 867 1461 ·
926 1496 931 1503 q

187 1505 293 1566 Donec
307 1504 387 1564 enim
398 1504 491 1579 licuit,
506 1518 564 1565 nec
577 1511 607 1564 te
621 1505 692 1567 nihi
707 1508 806 1568 carior
819 1509 904 1580 aiter,
1091 1508 1096 1543 ¹

227 1588 293 1648 Nec
303 1587 356 1648 tibi
370 1602 418 1647 me
432 1593 495 1648 tota
506 1588 638 1649 iunctior
651 1589 734 1650 Urbe
747 1590 810 1651 fuit
997 1629 999 1639 ·

156 1671 282 1746 alsque
296 1677 361 1731 erat
375 1672 566 1746 usqueadeo
581 1673 696 1747 populo
712 1677 850 1746 testatus,
865 1681 898 1734 ut
913 1681 997 1736 esset

227 1755 335 1814 Paene·
343 1754 441 1829 magis
457 1770 548 1828 quam
560 1762 603 1830 tu,
618 1771 772 1833 quamque
786 1771 855 1830 ego,
869 1765 959 1819 nctus
974 1774 1068 1819 amor.

133 1871 174 1881 —-
189 1837 306 1913 Quique
323 1845 388 1898 erat
401 1838 432 1909 in
447 1838 527 1898 curis
541 1838 632 1899 animi
646 1839 699 1899 tibi
715 1839 829 1901 eander
844 1839 957 1915 amicis,

136 1955 166 1964 —-
230 1922 373 1996 cognitus
387 1929 436 1982 est
449 1920 519 1995 ipsi,
534 1938 625 1998 quem
639 1922 724 1994 cutis,
738 1922 797 1983 iste
809 1921 887 1982 viro.

183 2005 230 2064 Nil
243 2006 285 2066 ita
299 2003 429 2076 celabas,
444 2012 552 2066 utnon
566 2020 624 2082 spo
639 2006 782 2067 conscius
796 2021 907 2078 essem,

140 2097 174 2148 to
224 2088 465 2162 Pectoribusque
479 2088 577 2149 dabas
589 2091 683 2151 mrdta
695 2090 827 2164 tegenda
836 2090 932 2150 vmeis:

179 2171 294 2248 Cuique
308 2187 366 2246 ego
384 2171 544 2232 narrabam
557 2173 669 2233 secreti
684 2173 830 2249 quicquid
843 2172 1001 2250 habebam,

221 2256 359 2330 Excepto
375 2251 459 2328 quud
471 2271 520 2315 me
534 2257 675 2330 perdidit,
690 2274 770 2319 unus
784 2268 864 2317 cras.
922 2308 924 2313 ,

187 2339 222 2399 ld
237 2354 360 2414 quoque
374 2339 401 2398 si
414 2338 540 2412 scisses,
554 2340 641 2400 salve
656 2341 793 2401 fruerere
805 2340 913 2412 sudati,

140 2430 173 2483 14
228 2422 424 2498 consilioque
437 2424 533 2483 forem
548 2439 669 2498 sospes,
684 2425 789 2494 amice,
805 2429 867 2484 tuo.

131 2539 174 2548 -
187 2504 250 2566 Sed
262 2521 331 2566 maa
344 2522 392 2566 me
406 2506 438 2565 iu
451 2516 583 2581 poenam
597 2507 735 2568 nimirum
749 2510 809 2566 fata
822 2504 993 2568 trahebant

131 2620 173 2631 —
229 2587 323 2649 Omne
337 2589 437 2650 bonae
452 2590 597 2651 claudunt
609 2590 743 2653 utilitatis
758 2591 824 2651 iter.

186 2671 256 2733 Sive
266 2673 476 2748 malumpctui
488 2680 587 2734 tamen
597 2674 667 2734 dec·
676 2675 772 2734 vitare
786 2671 933 2745 cavendo,

225 2755 286 2817 Seu
299 2756 376 2817 ratio
391 2758 485 2816 fatum
497 2757 621 2817 vincere
634 2758 717 2817 nulia
728 2757 824 2815 vatata

185 2837 229 2900 Tu
243 2847 351 2912 tamen,
368 2856 387 2901 ο
402 2839 493 2900 nubis
505 2856 566 2899 usu
579 2839 766 2901 iunctissima
779 2840 889 2914 lengo,
977 2890 980 2897 .

54 2934 57 2938 ’
137 2922 185 2986 20'
223 2923 298 2984 Pars
313 2922 456 2987 desiderii
469 2923 601 2983 maxima
615 2921 794 2997 paeue'mai,
918 2968 921 2973 .

189 3005 239 3066 Sis
252 3023 378 3082 memor,
391 3014 422 3067 et
433 3004 539 3080 siquas
552 3007 627 3065 fecit
641 3005 694 3079 tibi
708 3004 806 3078 gratia
818 3006 910 3081 uires,
919 3040 931 3067 κ.
983 3058 986 3065 .

227 3090 298 3150 llfas
312 3106 369 3165 pro
383 3090 474 3152 nobis
486 3089 656 3163 experiere,
670 3104 757 3163 ruge,
935 3116 945 3149 ι

187 3172 321 3234 Numinis
336 3180 370 3234 ut
380 3171 724 3235 iaesidat'mansuetiur
739 3173 793 3243 ira,
830 3206 833 3235 2

219 3255 517 3332 -tfmamqueminor
530 3258 571 3317 sit
582 3262 651 3314 inea
666 3271 767 3330 poena
779 3259 868 3319 foco<
917 3265 918 3269 ’

139 3346 172 3398 25
186 3338 282 3414 idque
297 3341 347 3414 ita,
362 3341 390 3399 si
401 3342 519 3401 muitum
533 3341 637 3400 scelus
650 3341 742 3401 estin
757 3348 883 3415 pectore
897 3347 1011 3414 nosue,

225 3421 542 3502 Principiumquemei
557 3422 903 3487 criminiserrur'tabeu
1039 3466 1071 3490 ,‚
