2602 3816
463 204 520 278 iv,
542 199 758 278 teet-11,
780 202 831 266 22.
1080 157 1150 285 ,nea
1231 243 1234 251 ·

184 366 219 424 75
230 357 286 432 Qui
300 371 483 432 quamquam
497 353 645 416 est'iaetis
659 355 767 430 ingens
781 363 812 417 et
825 357 964 419 conditur
978 373 996 416 a
1009 366 1039 417 te

267 439 427 513 Virtanto,
447 446 559 512 quanto
575 436 678 498 debuit
693 453 746 498 ure
762 439 839 514 cani,
1075 442 1081 451 “
1169 439 1177 447 ’

220 524 280 596 Est
293 529 394 584 tumen
408 537 447 581 ex
460 522 511 585 illu
525 520 615 583 nobis
626 520 771 585 ¹imitaluile
787 523 947 598 quiddam:
993 575 1000 588 r

266 608 362 682 Inque
375 605 437 665 lide
450 605 586 665 Theseus
602 603 727 680 quilibet
740 620 811 666 esse
824 614 935 683 potest.

76 742 83 757 .
226 689 294 752 Nun
306 688 362 750 tibi
375 695 445 755 sunt
457 688 563 751 testes
577 689 657 749 terro
671 689 821 764 elevaque
835 690 987 763 demendi,

184 782 221 839 ee
270 772 327 834 Per
342 774 421 848 quos'
436 771 489 831 vix
501 771 553 831 ulli
567 772 690 846 pervius
705 772 835 837 Isthmos
850 782 928 836 erate

227 856 291 919 Sed
303 856 505 932 praestandus
520 870 613 928 amor,
634 869 686 914 res
700 871 761 919 nen
776 873 910 935 operosa
924 858 1045 918 volenti.
1152 907 1153 910 ,

268 940 340 1014 Quis
354 938 442 1003 later
454 947 502 999 est
511 953 618 1014 purum¹
632 952 693 996 nen
708 944 877 1005 temerasse
890 942 1002 1002 fidem?

226 1022 310 1085 Haee
323 1022 386 1098 tibi,
407 1023 459 1098 qui
472 1029 592 1099 perstas
606 1020 806 1084 indeclinatus
823 1025 929 1103 amieo,

224 1154 227 1167 .
266 1107 334 1168 Neu
348 1106 494 1183 estquod
507 1106 611 1180 lingua
625 1104 707 1164 dicta
721 1115 865 1181 querente
879 1115 978 1185 putes.

539 1244 751 1259 m

147 1291 216 1385 11.
267 1322 518 1385 γοΑιιιοΝι

87 1468 94 1475 -
195 1447 199 1456 ·
232 1401 342 1514 Gallie,
365 1441 479 1503 crimen
493 1440 549 1501 erit
561 1439 615 1501 vix
629 1439 804 1501 excusabile
818 1441 917 1514 nobis,

272 1524 408 1585 (immine
422 1531 452 1585 te
465 1538 577 1583 nomeu
589 1538 652 1585 nen
665 1522 813 1585 habuisse
824 1541 904 1586 mee.

228 1608 272 1668 Tu
286 1622 410 1683 queque
424 1607 533 1666 enim...
547 1606 700 1667 memini..
716 1609 840 1668 caelesti
855 1608 982 1684 cuspide
1000 1611 1079 1671 laeta

269 1689 385 1751 Fovisti
398 1690 529 1751 lacrimis
543 1691 670 1750 vulnera
684 1697 790 1751 nestra
802 1691 873 1751 tuis.

200 1786 217 1839 e
228 1776 328 1848 Atque
341 1774 454 1835 utinam
464 1769 545 1851 rapti
559 1774 675 1834 iaeture
689 1773 793 1835 laesus
806 1775 894 1836 amici

269 1856 429 1919 Sensisses
444 1859 529 1932 ultra,
552 1857 635 1933 quod
649 1873 819 1933 quererere,
840 1859 927 1919 nihil!
980 1852 986 1865 ⁴

228 1940 295 2001 Neu
308 1942 350 2000 itu
363 1941 411 2001 dis
426 1942 547 2017 placuit,
568 1940 619 2017 qui
632 1947 663 2000 te
677 1941 810 2018 spoliare
826 1943 938 2017 pudiea

268 2023 402 2100 Coniuge
417 2026 557 2085 erudeles
571 2040 632 2085 nen
647 2023 779 2085 habuere
794 2026 891 2086 nefas.

228 2106 336 2167 Nuntia
349 2123 419 2167 nem
432 2110 531 2169 luetus
545 2108 618 2168 mihi
632 2124 730 2183 nuper
743 2110 875 2184 epistola
887 2111 985 2170 venit:

188 2202 223 2256 10
271 2191 424 2266 Lectaque
437 2207 506 2253 eum
519 2191 650 2253 lacrimis
664 2199 735 2253 sunt
749 2199 799 2253 tua
814 2194 925 2255 damna
938 2195 1024 2255 uteie.

229 2273 293 2335 Sed
305 2289 405 2349 neque
419 2276 598 2350 prudentem
612 2275 705 2336 solari
720 2277 839 2338 stultior
852 2279 960 2354 ausim,

268 2354 433 2432 Verbaque
447 2359 606 2419 docturum
619 2364 691 2420 neta
703 2360 818 2421 referre
832 2361 900 2423 tibi=
953 2367 954 2370 ’

228 2441 418 2516 linitumque
431 2448 524 2515 tuum,
546 2442 573 2502 si
587 2457 648 2501 non
663 2444 789 2518 ratione,
812 2445 950 2506 dolorem

269 2526 343 2600 Ipsa
355 2523 415 2584 iam
430 2526 548 2600 pridem
562 2525 703 2602 suspicor
717 2541 789 2586 esse
798 2543 896 2593 ,mora

188 2616 222 2671 1⁵
232 2609 373 2670 ltun‘tua
386 2609 532 2683 pervenit,
553 2608 625 2691 dunt
636 2608 734 2669 littera
747 2617 852 2671 uestra
864 2625 1024 2670 recurrens

268 2691 324 2753 Tot
336 2693 431 2751 marie
444 2707 482 2751 ee
494 2699 591 2753 terras
607 2699 752 2767 permeat,
774 2708 871 2752 eunus
886 2692 956 2751 abit

227 2774 384 2851 Tempmis
399 2774 533 2835 officium
546 2773 662 2847 sennia
676 2774 865 2834 moererent
879 2781 934 2848 est,
996 2850 998 2853 ι

267 2858 344 2920 Dum
359 2857 447 2918 dolor
460 2857 490 2917 in
505 2873 598 2919 eursu
611 2862 667 2928 est,
689 2857 759 2916 dum
773 2858 849 2932 petit
862 2873 953 2933 aeger
967 2874 1065 2935 opem.

228 2942 349 3002 Atrum
363 2942 455 3017 longa
468 2941 535 3001 dies
549 2940 668 3000 sedavit
682 2939 808 3000 vulnera
820 2943 937 3017 mentis,

185 3032 222 3086 20
268 3025 485 3102 Intempestive
498 3022 552 3099 qui
566 3023 649 3082 levet
662 3022 721 3095 illu,
743 3032 845 3087 novet.
949 3076 953 3083 .

182 3112 185 3121 '
228 3107 319 3168 Adde
333 3110 446 3184 qued...
460 3115 553 3184 utque
567 3105 683 3166 utinam
697 3122 801 3167 verum
816 3107 869 3169 tibi
883 3109 1001 3170 venerit
1015 3123 1104 3168 emen
1113 3115 1151 3166 t...
1261 3172 1262 3177 χ

270 3189 415 3268 coniugio
430 3194 501 3279 felix
515 3192 575 3253 iam
588 3195 677 3265 petes
692 3204 763 3251 esse
777 3208 869 3255 nevo.

191 3539 271 3582 evm.
292 3523 342 3581 ΙΙΙ.
