2598 3812
469 237 510 316 V,
530 235 561 315 4,
579 234 698 317 17—5,
712 237 765 304 41.

226 391 342 454 Forsan
357 387 389 450 in
402 392 537 453 extremo
551 389 779 466 coniugisorbe
792 392 883 457 diem

162 478 307 552 aLinffua
320 477 428 535 favens
443 474 527 548 assit,
548 481 721 535 nostrorum
736 477 829 537 oblita
842 477 997 552 malorum,
1075 550 1079 551 γ

228 561 319 634 Quae,
342 565 427 633 puto,
448 557 615 617 dedidicit
607 574 667 618 ram
681 559 977 637 bonaverbaloqui.

188 644 333 719 Quaeque
346 641 441 701 semel
455 647 518 700 toto
533 642 628 703 ιιιιιι
644 641 716 707 mihi
731 642 857 704 sumitur
870 660 962 719 anno,

229 725 371 787 Sumatur
385 724 455 784 latis
470 716 605 785 discolor
619 724 689 785 alba
702 727 788 787 meis.

187 811 312 884 Araque
325 807 480 883 gramineo
495 807 602 868 viridis
617 806 657 866 de
670 809 787 884 cespite
800 809 863 886 liat,

145 906 180 960 ιι
228 893 266 953 Ει
278 890 358 959 velet
371 890 493 966 tepidos
507 905 587 950 nexa
600 906 715 952 corona
729 894 833 955 focos..

186 977 233 1038 Da
246 975 317 1036 milri
331 982 415 1058 tura,
429 989 515 1050 puer,
536 974 665 1048 pingues
679 975 821 1037 facientia
834 975 983 1052 flammas,

228 1055 376 1134 Quodque
391 1059 442 1133 pio
458 1058 558 1119 lusum
573 1054 724 1123 stridat'in
739 1059 817 1133 igne,
834 1076 958 1123 mamm.

187 1142 306 1220 Optime
318 1142 446 1209 Natalis!
469 1141 612 1215 quamvis
626 1141 733 1216 procul
748 1142 903 1217 absumus
923 1150 998 1220 opto

227 1224 380 1288 Candidus
395 1225 462 1289 buc,
471 1224 575 1285 venias
589 1224 808 1299 dissimilisque
821 1242 899 1286 meo.

145 1320 179 1375 ιι
190 1309 222 1371 si
237 1309 322 1386 quod
336 1316 367 1369 et
379 1307 511 1369 instabat
524 1307 666 1369 dominae
680 1308 851 1369 miserabile
864 1310 984 1386 vulnus

227 1392 272 1454 Sit
286 1393 445 1468 perfuncta
457 1392 533 1451 meis
547 1399 666 1468 tompus
682 1391 712 1449 ιιι
726 1407 816 1455 omne
829 1394 927 1455 malis.

96 1476 99 1483 ’
186 1475 332 1552 Quaeque
344 1476 430 1551 grani
443 1490 540 1550 nuper
553 1475 623 1559 plup
640 1490 730 1548 quam
746 1484 892 1549 quassata
905 1479 1041 1552 procella
1054 1488 1110 1552 est,

227 1559 315 1633 Quod
329 1564 480 1635 superest,
501 1565 596 1633 tutum
610 1573 760 1632 permane
774 1560 862 1618 navis
877 1567 935 1619 eat.

185 1643 240 1704 llla
254 1643 346 1704 domo
360 1650 493 1718 nataque
507 1657 564 1703 sua
577 1640 762 1721 patriaquef
759 1649 880 1702 ιιιιιιιι·

142 1735 181 1790 20
228 1726 341 1802 Erepto
353 1726 436 1790 baec
444 1725 496 1787 uni
511 1726 551 1785 sit
564 1725 640 1787 satis
654 1738 725 1808 esse
738 1723 819 1783 milri.

186 1809 339 1886 Quatenus
354 1816 469 1871 elnon
472 1816 520 1869 est
508 1809 563 1871 tin
578 1823 649 1877 caro
665 1802 794 1882 coniuge
808 1807 916 1893 felix,

223 1892 298 1953 Pars
311 1892 393 1952 νιιιι
408 1894 481 1955 tristi
497 1900 597 1957 ιιιιιι
611 1892 691 1952 nube
704 1898 805 1951 vacet
978 1942 981 1949 ,

185 1977 285 2052 Vivat,
307 1983 465 2050 ametque
460 1978 568 2052 virum,
589 1975 731 2051 quoniam
745 1975 790 2035 sic
790 1974 931 2051 cogitur,
950 1973 1072 2048 absens,

226 2059 452 2134 Consumatque
465 2077 574 2135 annos,
596 2060 652 2120 sed
666 2059 817 2130 diuturna,
840 2074 926 2119 suos.
982 2127 986 2133 ,

143 2149 179 2206 25
189 2143 360 2218 Adicerem,
381 2150 412 2203 et
425 2150 557 2205 nostros.
588 2142 697 2208 sedne
712 2142 852 2218 contagia
868 2143 920 2203 lati

226 2227 424 2302 corrumpant
436 2227 537 2302 timeo,
560 2240 638 2303 quos
654 2226 806 2304 agitipsa,
829 2227 898 2289 mei.

132 2347 136 2354 ·
183 2309 230 2370 Nil
243 2310 357 2370 homini
372 2317 485 2370 certum
499 2317 555 2370 est.
584 2309 664 2369 Fieri
678 2310 747 2385 quis
761 2325 858 2387 posse
872 2316 998 2385 putaret,

224 2393 265 2454 Ut
278 2394 412 2454 lacerem
422 2393 453 2453 in
467 2394 574 2453 mediis
589 2393 666 2455 haec
681 2398 743 2468 ego
754 2409 843 2465 sacca
855 2393 961 2454 Getist
1013 2428 1018 2437 .
1053 2456 1057 2465 ,

185 2476 307 2551 Aspice,
328 2483 361 2537 ut
375 2491 449 2536 aura
462 2484 561 2539 tamen
575 2478 675 2537 fumos
690 2492 707 2536 e
722 2483 789 2539 ture
802 2484 926 2539 coortos

142 2566 178 2621 ιιι
227 2560 261 2619 ln
275 2567 377 2635 partes
393 2560 483 2624 Italas
497 2567 528 2620 et
541 2561 611 2621 loca
624 2560 731 2621 dextra
745 2561 831 2620 ierat.

185 2641 301 2704 Sensus
315 2642 395 2703 inest
408 2643 497 2717 igitur
510 2643 645 2716 nebulis,
668 2659 746 2718 quas
760 2643 853 2718 exigit
865 2641 959 2718 ignis:

224 2726 357 2788 Consilio
372 2722 633 2802 fugiuntaethera,
654 2726 758 2801 Ponte,
778 2733 872 2786 tuum.

184 2808 329 2885 Consilio,
351 2826 511 2873 comtnune
526 2826 650 2877 sacrum
661 2826 730 2873 cum
743 2809 817 2869 fiat
808 2826 841 2868 nn
855 2825 910 2871 ιιι
1013 2844 1014 2849 1

224 2892 387 2966 Fratribus,
410 2894 526 2955 alterna
540 2894 592 2967 qui
607 2893 726 2970 periere
739 2908 859 2968 manu,

140 2987 176 3043 35
185 2978 258 3054 Ipsa
272 2979 329 3038 sibi
344 2979 479 3052 discors,
500 2984 653 3052 tamquam
667 2975 825 3037 mandetur
838 2974 876 3036 ab
890 2977 961 3052 illis,

224 3059 400 3123 Scinditur
391 3080 422 3122 ιιι
436 3067 539 3138 partes
556 3067 630 3121 atra
635 3059 737 3119 favilla
751 3059 839 3120 duas.

182 3139 258 3217 Hoc,
279 3146 415 3220 memini,
438 3144 592 3221 quondam
606 3142 672 3203 lieri
685 3158 747 3205 non
762 3159 857 3218 posse
871 3143 1028 3220 loquebar,

222 3227 261 3289 Et
274 3243 323 3288 nne
335 3229 490 3290 Battiades
504 3228 604 3289 iudice
619 3227 716 3289 salsus
731 3233 809 3286 erat.

184 3309 293 3372 Omnia
305 3327 386 3373 nunc
401 3314 503 3387 medo,
532 3328 600 3372 oum
616 3318 648 3371 tu
662 3327 724 3373 non
739 3312 848 3373 stultus
863 3310 901 3371 ab
915 3310 1008 3370 Arcto

141 3401 179 3456 ιο
226 3394 324 3470 Terga
337 3410 436 3471 vapor
450 3359 573 3457 dederis
586 3395 817 3470 Ausoniamque
831 3400 928 3469 petas.

182 3478 266 3540 Haec
282 3478 372 3557 igitur
384 3479 437 3543 iux
452 3486 507 3556 est,
529 3494 610 3557 quae
624 3478 727 3541 sinon
743 3487 809 3543 orta
822 3476 939 3551 luisset,
