2586 3820
194 219 258 287 att
491 206 494 219 '
553 190 823 287 'rrsrcauu

319 373 432 450 Fiabit,
445 381 477 436 et
488 374 601 437 idaeae
615 373 693 434 testa
707 373 841 449 pareatis
855 380 952 434 emat.

278 457 366 520 Ibam
378 459 556 520 semimares
570 464 602 517 et
614 456 715 517 inania
728 462 874 535 tympana
885 457 1025 534 tundent,

319 544 462 618 Aeraque
476 541 600 603 inuitus
614 555 688 599 aere
698 542 824 615 repulsa
839 539 963 601 dabunt.

215 633 266 690 185
279 627 352 704 Ipsa
365 626 480 687 sedens
494 623 578 685 mciii
591 623 733 684 comitum
746 623 866 685 cervina
879 625 994 686 teretur

317 709 408 771 Urbis
423 725 480 785 per
493 706 612 767 medias
627 707 781 768 exululata
792 706 872 767 vias.

279 791 398 854 Scaena
412 797 516 863 sonat,
530 789 656 865 ludique
670 798 791 851 vacant.
817 795 971 867 spectate,
987 790 1136 868 ommes,

318 876 357 936 Et
370 877 438 936 fora
450 874 548 934 Marta
560 889 618 934 sae
626 873 764 950 iitigicsa
779 880 898 934 vacent

278 959 430 1033 Quaerere
443 957 537 1017 muita
550 956 636 1030 tibet,
650 958 709 1017 sed
723 972 771 1017 me
787 973 884 1019 scuras
898 956 979 1018 aeris
993 957 1077 1019 acuti

216 1044 268 1103 190
320 1042 425 1102 Terret
435 1048 469 1102 et
481 1040 634 1102 horrende
649 1042 730 1102 letes
743 1041 863 1101 adunet
877 1055 967 1102 sona.

278 1125 350 1197 tiis,
371 1126 444 1198 dea,
460 1124 681 1200 qucmsciter!
711 1124 818 1184 dectus
833 1123 979 1200 Cybeleia
989 1131 1103 1199 neptes

319 1208 464 1282 Vidit-ct
476 1208 535 1268 has
547 1220 641 1269 curae
653 1206 744 1269 iussit
755 1206 870 1268 adesse
884 1223 980 1268 meae.

277 1290 429 1366 ‘Pandite
443 1290 578 1352 mandati
592 1306 758 1365 memores,
771 1290 925 1351 Heliconis
943 1291 1096 1366 aiumaae,

318 1374 457 1436 Gaudeat
474 1374 600 1436 assidue
614 1389 669 1435 cur
681 1374 741 1433 dea
753 1372 864 1448 Magna
879 1379 980 1434 sone?
1035 1408 1039 1415 ·

217 1468 268 1525 195
280 1457 334 1521 Sic
347 1474 416 1534 ego.
443 1459 491 1519 sic
510 1458 601 1523 Erato
609 1479 650 1516 ι...
664 1457 779 1518 mensis
794 1457 974 1535 cythereius
991 1457 1034 1518 iiii

321 1542 436 1617 Cessit,
451 1542 537 1618 qued
550 1541 646 1603 temam
663 1554 773 1602 acmen
787 1541 910 1603 Amoris
924 1540 1048 1601 habet..

278 1627 420 1689 ‘Reddita
434 1625 564 1688 Satume
579 1634 648 1686 acts
665 1624 742 1684 baec
755 1630 835 1698 erat,
852 1623 997 1701 “Optime
1009 1638 1127 1701 regum

317 1710 347 1771 A
361 1717 432 1771 nate
448 1708 581 1786 sceptris
598 1707 751 1768 excutiere
764 1706 860 1768 tuis.”

277 1793 331 1855 lile
346 1809 432 1853 suam
445 1800 598 1864 metuens,
612 1799 645 1852 ut
658 1806 798 1871 quaeque
812 1797 877 1851 erat
891 1791 987 1864 edita,
1003 1792 1123 1867 prolem

215 1891 268 1948 aco
321 1878 468 1949 Davom,
488 1876 659 1936 immersam
673 1874 903 1950 visceribusque
916 1882 1007 1935 tenet

132 1955 139 1965 ’
281 1960 382 2037 Saepe
394 1960 481 2022 Rhea
495 1967 605 2035 queste
617 1964 679 2032 est,
694 1958 804 2019 totiens
818 1960 970 2020 faecunda
983 1973 1041 2019 uec
1053 1975 1207 2036 umquam

318 2044 430 2119 Mater,
449 2051 480 2104 ct
493 2043 622 2105 indotuit
636 2041 787 2102 fertilitate
799 2058 864 2103 sua.
931 2054 934 2059 ⁴

277 2127 414 2202 luppiter
427 2135 517 2189 crtus
525 2134 619 2189 erat..
634 2141 692 2202 pre
705 2141 816 2202 magne
828 2132 908 2186 teste
920 2131 1056 2186 vebistas

319 2209 465 2273 Creditur,
493 2217 649 2286 acceptam
663 2225 756 2285 parce
769 2224 893 2269 movere
906 2203 1030 2271 tidem...

215 2302 267 2356 abt
280 2294 375 2353 Veste
387 2293 486 2353 latens
500 2309 608 2354 saxum
622 2293 745 2353 caelesti
759 2299 879 2368 gutture
892 2292 981 2354 sedit

320 2375 371 2436 Sic
387 2376 505 2450 genitor
517 2377 591 2438 tatis
605 2375 804 2452 decipiendus
819 2384 893 2437 erat.

276 2460 386 2523 Aruas
397 2460 457 2519 iarn
470 2459 584 2520 dadum
598 2466 724 2519 resecat
732 2459 889 2520 annibbus
902 2459 965 2534 Ide,
1001 2480 1005 2487 ’

317 2544 411 2604 Tutus
422 2549 460 2603 ut
471 2542 582 2603 intanti
589 2543 694 2617 vagiat
707 2558 760 2603 ore
774 2560 860 2618 puer.
968 2560 973 2571 ·

277 2628 352 2688 Pars
366 2628 482 2703 clipeos
495 2625 638 2696 rudibus,
652 2626 757 2701 galeas
772 2643 844 2702 pars
856 2626 956 2688 tundit
968 2626 1092 2688 inanest
1194 2704 1197 2708 Ι

213 2714 266 2769 210
319 2711 386 2772 Hoc
401 2711 524 2773 Cruetes
537 2708 661 2782 habeat,
675 2710 735 2770 hec
744 2709 937 2787 ,Corybantes
951 2726 1040 2787 epus.

278 2795 341 2857 Res
356 2795 441 2856 tatuit
453 2802 579 2872 patrem
609 2793 764 2875 priscique
777 2794 941 2855 imitamina
954 2794 1034 2866 faeti,
1098 2810 1104 2821 ¹
1131 2806 1136 2812 ·
1202 2797 1204 2807 '

319 2877 402 2938 Aera
416 2877 495 2939 deae
509 2879 635 2939 comites
650 2892 804 2951 raucaque
816 2884 902 2953 terga
916 2883 1060 2939 movent.

280 2952 426 3041 Cymbala
439 2978 494 3038 prc
509 2961 620 3037 galeis,
636 2976 691 3037 pre
706 2961 800 3022 scutis
814 2968 960 3041 tympana
974 2962 1112 3036 pulsanti

317 3043 402 3104 Tibia
414 3043 467 3105 dat
479 3044 645 3124 Phrygios,
659 3052 692 3105 ut
704 3045 790 3107 dedit
803 3053 887 3123 ante,
902 3045 1035 3107 medes!

216 3135 268 3191 tlt
281 3127 428 3189 Desierat.
457 3128 560 3204 coepi=
577 3129 649 3188 ‘cur
662 3129 733 3189 huic
749 3129 946 3207 genus'acre‚
963 3128 1070 3193 leones

321 3210 470 3271 Praebent
482 3210 619 3272 insolitas
635 3212 675 3271 a'd
690 3213 760 3287 iuga
773 3226 866 3271 curva
879 3212 1000 3272 iubast’

280 3293 446 3355 Desieram.
475 3295 590 3370 coepite
609 3295 738 3356 ‘Feritas
753 3294 867 3354 mollita
880 3309 936 3370 per
949 3295 1031 3355 iliam

322 3375 468 3440 creditur.
497 3377 529 3437 id
543 3392 631 3439 curm
646 3377 806 3440 testificata
820 3391 878 3438 suc
893 3382 962 3437 est’
1089 3403 1097 3420 ·

282 3460 335 3521 ‘At
348 3475 402 3523 cur
415 3460 554 3525 aurifera
565 3471 663 3540 'eaput
674 3466 722 3523 est
736 3466 864 3524 onerata
875 3466 1013 3524 carcaat
