2602 3816
195 208 258 280 174
579 210 641 279 EX
658 212 808 279 PONTO

318 364 387 447 iioo
400 370 509 443 peccet
520 364 661 430 sniumei
675 364 744 429 inea
755 363 953 441 Musa„baae
966 373 1025 429 est

277 450 349 527 Ipso
362 465 421 526 ego
435 451 579 512 librorum
592 450 683 510 viciae
698 448 809 510 daiiota
822 464 967 524 meorum,

320 533 394 595 Gum
407 551 465 595 sua
477 536 547 610 plns
561 534 643 594 iusto
657 534 790 592 carmina
803 532 934 608 quisquo
947 532 1066 608 probet

276 618 393 678 Auctor
410 633 488 693 opus
503 617 615 677 laudat
642 614 693 677 Sic
707 616 832 677 forsitan
845 616 958 691 Agrius
973 617 1045 679 olim

138 740 144 759 .
228 710 264 764 10
317 699 474 761 Thersiten
489 699 566 759 facie
580 699 697 760 dixerat
710 714 781 760 esse
794 699 885 759 bona.
930 723 932 729 ·
1022 758 1026 765 .

280 782 424 845 Iudicium
438 790 537 842 tamen
552 781 602 843 hic
619 789 755 842 nostrum
770 798 832 843 non
850 780 963 858 decipit
976 794 1075 843 emera
1107 836 1113 847 ,

319 866 396 938 Noa,
413 864 561 940 quicquid
570 865 677 940 anui,
691 864 830 940 proauus
843 865 919 931 tuno
932 880 1012 927 arno.
1092 896 1116 913 -·

277 949 337 1012 Cur
350 949 453 1024 igitur,
468 948 495 1010 si
509 962 558 1009 ma
570 949 692 1011 uocem
709 948 901 1023 deiiaqaerm
916 962 1049 1024 peccam,

319 1030 357 1093 iit
370 1032 467 1107 penu
480 1032 594 1108 scripto
609 1031 721 1095 amman
737 1031 856 1103 inesse,
869 1037 986 1107 regest
1087 1036 1091 1043 '

229 1125 263 1181 15
274 1114 341 1175 Non
354 1115 462 1175 eadam
473 1114 552 1176 ratio
566 1122 627 1190 est,
641 1114 753 1175 sanare
767 1121 799 1175 at
809 1114 937 1175 demam
946 1114 1081 1176 morbos.

320 1196 461 1258 Sensus
452 1196 674 1272 rnastounctio,
688 1198 1012 1259 tolliturattamaium
1107 1202 1113 1207 '

259 1277 379 1356 Saepe
393 1281 516 1355 aliquod
530 1281 659 1357 cupiens
671 1280 796 1341 verbum
809 1288 925 1342 mutare
938 1280 1058 1358 reliqu,

318 1363 923 1439 Iudiciumviresdeotituuutquemeum
1110 1388 1113 1397 ¹

277 1443 377 1522 Saepo
390 1448 501 1523 piget..
516 1447 591 1523 quid
605 1447 685 1508 enim
699 1447 832 1507 dubitem
844 1447 899 1508 tibi
913 1462 990 1508 vem
1004 1447 1140 1509 totana..

228 1538 265 1594 ao
320 1530 489 1606 corrigere,
504 1537 536 1592 et
548 1530 630 1607 tongi
644 1532 723 1591 torre
738 1530 853 1592 laboris
867 1547 956 1593 anua
1092 1536 1097 1543 ’

278 1613 466 1675 scribentem
484 1614 567 1677 iuvat
580 1614 649 1690 ipse
662 1614 750 1675 ia'vor
762 1614 927 1690 minuitque
939 1612 1083 1691 abarca,

320 1698 458 1774 Cumque
470 1712 527 1759 suo
542 1710 685 1760 arescens
701 1696 826 1775 pectom
840 1699 937 1760 iavet
949 1713 1039 1774 opus.

277 1779 434 1857 Comama
448 1788 480 1842 at
493 1796 545 1842 res
559 1788 607 1843 est
619 1784 701 1843 tanto
715 1783 812 1856 magis
829 1782 940 1856 ardum
957 1788 1071 1857 quanta

317 1864 447 1940 Magnus
461 1864 639 1925 Aristarcho
653 1866 751 1925 maior
762 1864 912 1926 Homerus
929 1873 1002 1926 emt

226 1958 261 2011 25
273 1946 358 2009 Haec
372 1949 502 2010 animum
516 1948 598 2009 lento
612 1962 751 2009 cnmmm
765 1949 877 2034 trigona
890 1949 991 2024 laedit,

319 2031 419 2105 thue
434 2032 517 2091 aridi
532 2028 640 2091 cursus
655 2033 740 2090 irena
753 2039 882 2091 retentat
897 2032 980 2107 equi
1109 2032 1115 2041 '
1139 2043 1156 2053 ·’

276 2115 379 2189 Atque
391 2113 432 2173 ita
446 2114 477 2173 di
491 2114 579 2174 mites
593 2115 727 2174 minuant
739 2115 811 2174 mihi
827 2115 986 2176 caesara
978 2129 1065 2189 nant,

319 2194 458 2270 Ossaque
472 2202 581 2271 pacata
593 2203 699 2258 nostra
711 2203 849 2272 tegantur
859 2197 961 2274 humo
1018 2200 1021 2205 '

274 2279 321 2340 Ut
326 2278 398 2338 mihi
413 2280 534 2339 conanti
547 2276 775 2376 nonnumquam
786 2280 942 2342 intendere
955 2295 1049 2342 curas

228 2369 266 2424 30
317 2360 470 2422 Fortunae
484 2342 607 2438 species
620 2363 724 2425 obstat
737 2364 848 2427 acerba
861 2380 956 2437 meae,
1094 2368 1096 2377 ’

276 2444 398 2519 tuaque
412 2445 484 2504 mihi
498 2445 619 2521 videor,
634 2447 743 2508 tactam
758 2448 841 2523 quod
856 2449 1002 2524 carmina,
1017 2461 1120 2521 sanus,
1162 2498 1167 2504 .

258 2576 261 2585 .
317 2526 414 2602 lnque
427 2528 501 2590 ictio
516 2542 618 2590 aaran
631 2531 785 2606 corrigere
796 2530 848 2591 itta
863 2530 962 2594 aettst

225 2616 228 2617 ’
273 2611 321 2672 Nil
334 2618 435 2672 tamen
452 2611 484 2672 in
497 2612 622 2688 scriptis
633 2615 732 2689 magis
745 2611 922 2676 excusabile
935 2614 1057 2686 nostris,

318 2694 414 2769 Quam
427 2708 539 2759 sensus
554 2696 671 2759 cuneta
685 2712 784 2773 paene
798 2698 883 2772 quod
896 2698 1078 2758 nnusineso

226 2784 260 2839 35
274 2778 446 2839 Laetitiam
457 2780 677 2841 iactnseooini.
709 2794 787 2843 cano
801 2782 900 2843 tristia
911 2779 1014 2840 amus.
1153 2845 1155 2848 Α

316 2859 507 2923 conveniens
522 2864 609 2939 operi
621 2871 741 2940 tempus
755 2872 915 2941 utrumque
930 2878 986 2924 suo
1004 2868 1062 2923 est

274 2941 368 3017 Quid,
383 2944 442 3003 nisi
457 2945 497 3005 de
509 2947 583 3007 vitio
598 2946 729 3008 scribam
743 2948 877 3022 regionis
892 2960 1021 3020 amarae,

317 3026 417 3100 thue
431 3028 498 3088 solo
512 3030 625 3090 moriar
638 3030 859 3104 commodiore,
874 3032 1006 3104 praeeat
1128 3024 1134 3051 ²
1156 3034 1163 3047 ‘

274 3107 470 3173 amouens
484 3111 721 3187 amomacum,
735 3111 1023 3173 anonumum
1097 3080 1108 3161 >

224 3199 261 3254 to
313 3191 962 3268 veronqmuuoteccuuisstmntctaacmm

273 3274 311 3338 itt
326 3281 428 3336 tamen
441 3276 520 3336 iaaac
533 3277 641 3339 eadem
654 3292 726 3341 cum
738 3278 811 3351 sint,
826 3293 888 3339 non
902 3278 1062 3340 smibimas
1076 3275 1190 3340 isdem:
1282 3342 1283 3359 2

314 3359 443 3434 Unaque
458 3372 514 3436 per
527 3362 631 3435 pluras
643 3366 709 3421 vox
720 3376 789 3420 ntae
798 3364 925 3437 temptat
939 3377 1040 3437 opem.

274 3441 338 3517 An,
353 3457 393 3503 na
405 3440 594 3506 bissenam
609 3446 706 3506 tector
715 3444 863 3522 amaricet
875 3447 1014 3521 modom,
1055 3487 1058 3492 -
