2598 3812
181 195 240 263 118
570 198 629 260 EX
649 197 795 260 1³0qu

305 352 426 428 Perque
437 366 548 413 manus
561 349 652 411 huius
666 347 777 410 tradito
791 348 889 424 genus
903 353 962 410 eut

265 436 307 497 At
318 442 352 497 tu
365 444 427 497 tam
441 435 579 511 placido,
595 449 687 509 qaam
706 447 764 492 nos
787 447 912 508 quoque
926 428 1080 493 sensimus
1094 430 1185 504 ilium,

305 520 412 581 Iudice
426 534 483 594 pro
496 517 629 577 lacrimis
644 532 700 577 ora
712 517 835 577 resolve
849 515 937 577 meis.

205 613 254 669 105
267 603 335 664 Non
349 603 444 680 potito
457 608 490 661 ut
502 601 582 662 benc
597 600 650 675 sit,
665 599 723 660 sed
736 597 779 669 uti
793 600 872 660 maie
886 599 994 672 tutius,
1009 605 1104 675 utque

304 687 435 747 Exilium
450 699 547 747 saevo
562 684 653 745 distet
666 681 707 742 ab
720 680 810 743 hosta
823 698 941 744 monmz

265 771 423 848 Quamque
438 769 552 829 dedere
564 767 638 826 mihi
646 767 826 843 praesentia
838 767 962 828 numina
975 765 1077 842 vitum,

305 854 373 915 Non
391 853 504 914 adimat
518 851 621 912 stricto
636 850 798 928 squalidus
813 865 889 912 ense
903 850 1010 911 Getone

265 937 419 1013 Denique,
434 936 461 996 si
474 936 601 1008 moriar,
618 933 745 996 subeam
760 934 899 1009 pacatius
914 948 1029 1006 arvum,

200 1032 253 1089 110
309 1022 389 1083 Ossa
402 1035 459 1099 nec
473 1035 493 1079 a
506 1018 651 1116 sopthim
664 1024 770 1078 nostra
783 1023 958 1092 premantur
969 1015 1072 1089 humo,

138 1141 140 1145 .
263 1107 326 1167 Nec
339 1104 419 1164 male
433 1110 637 1179 compositos,
652 1108 686 1162 ut
699 1101 816 1165 seilicet
828 1102 919 1163 enula
933 1100 1067 1175 mgnum,

304 1187 433 1250 Bistonii
448 1187 566 1248 cineres
580 1186 694 1261 angnia
706 1186 809 1260 pulset
821 1184 909 1261 equit
930 1232 932 1241 ,

261 1273 300 1334 ut
313 1287 367 1346 ne,
383 1272 411 1332 si
424 1279 566 1347 superest
578 1270 690 1346 aliquis
704 1274 776 1344 post
789 1268 898 1329 funera
912 1282 1031 1340 sensus,

303 1357 428 1416 Terreat
441 1362 471 1416 et
483 1369 589 1415 manos
605 1352 752 1414 Sarmatis
766 1352 875 1413 umbra
886 1366 983 1413 meos.

199 1447 251 1502 115
265 1439 404 1501 caesaris
418 1438 495 1499 haec
509 1438 641 1498 animum
655 1442 795 1513 poterant
808 1435 912 1497 audita
924 1448 1058 1507 movere,

303 1522 449 1596 Maxime,
464 1522 634 1584 movissent
647 1520 674 1581 si
688 1527 788 1582 tamen
802 1526 871 1579 ante
884 1525 978 1580 tuum.
1039 1588 1043 1589 γ

261 1606 348 1680 Vox,
363 1621 488 1681 precor,
502 1606 659 1682 Augustas
674 1618 730 1680 pro
744 1618 794 1663 mc
806 1610 860 1664 tua
872 1602 987 1664 molliat
1000 1616 1099 1683 aures,

304 1690 427 1750 Auxilio
442 1689 570 1765 sapidis
587 1704 666 1765 quae
676 1690 756 1749 solet
770 1701 843 1748 esse
854 1686 932 1747 reis:
993 1704 996 1717 ¹

260 1773 461 1850 Adsuetaque
473 1773 527 1834 tibi
542 1774 652 1834 doctae
665 1770 828 1831 dulcedine
841 1771 963 1845 linguae

200 1864 251 1920 luo
304 1856 469 1932 Aequandi
482 1857 603 1933 superis
617 1861 744 1931 pectora
755 1853 846 1914 flecte
859 1853 926 1913 viri.

244 1928 327 2017 'Non
341 1940 395 2000 tibi
408 1940 636 2012 Theromedon,
651 1937 827 2012 crudusque
839 1935 996 2012 rogabitur
1007 1937 1129 2012 Atreus,
1182 1946 1185 1949 ’

304 2023 422 2099 Quique
436 2022 501 2084 suis
515 2021 655 2083 homines
669 2020 782 2097 pabula
795 2021 867 2082 feeit
880 2021 984 2095 equisa

262 2105 325 2168 Sed
338 2106 426 2181 piger
438 2106 479 2166 ad
494 2121 611 2181 poenas
625 2106 785 2181 princeps,
801 2103 841 2164 ad
855 2105 990 2180 praemio
1003 2102 1106 2178 velox,

304 2187 421 2263 Quique
436 2188 533 2264 dolet,
549 2188 689 2265 quotiens
704 2188 823 2264 cogitur
840 2203 912 2249 esse
928 2188 1025 2249 ferox.

199 2280 250 2336 115
264 2271 320 2345 Qui
334 2272 406 2332 vicit
421 2288 558 2348 semper,
573 2272 660 2334 vietis
673 2279 708 2333 ut
721 2284 847 2348 parcere
861 2278 978 2349 posset,

264 2398 269 2407 .
305 2354 421 2416 Clausit
433 2362 464 2417 et
478 2363 602 2416 aeterna
615 2356 712 2445 ciyica
725 2355 905 2423 ballasera=

215 2458 217 2473 ¹
259 2437 354 2499 Multa
367 2447 448 2500 metu
461 2454 596 2516 poenae,
615 2456 716 2516 poena
731 2439 783 2516 qui
797 2455 896 2515 pauca
913 2445 1043 2514 coercet,

301 2522 339 2582 m
352 2522 424 2583 iacit
437 2524 530 2583 invita
544 2523 753 2584 fulminarara
765 2532 866 2583 mann.

260 2605 340 2681 Ergo
354 2613 416 2666 tarn
430 2606 569 2682 placidas
583 2608 810 2668 pretermissas
826 2605 866 2667 ad
879 2621 980 2680 aures,

197 2696 249 2752 130
302 2690 343 2750 Ut
360 2690 488 2767 propior
500 2689 617 2766 patriae
630 2691 670 2751 sit
682 2692 889 2766 inganostra,
903 2704 989 2763 roga

259 2771 312 2831 ille
326 2786 385 2847 ego
400 2791 481 2849 sum,
498 2774 550 2851 qui
560 2782 592 2834 tc
605 2774 703 2847 colui,
717 2782 808 2851 quem
821 2775 901 2835 festa
912 2771 1032 2851 solebat

300 2855 381 2923 Inter
394 2859 543 2918 convivas
561 2873 669 2919 mensa
682 2858 787 2918 videre
799 2864 887 2921 tuos:

154 2986 157 2991 ,
216 2958 218 2963 ·
256 2938 310 2998 Ille
324 2953 398 3013 ego,
413 2941 466 3014 qni
481 2941 554 3000 duxi
567 2949 689 3003 vestros
703 2941 902 3018 Hymenaeon
916 2938 958 2998 ad
971 2936 1067 3013 ignes,

129 3100 136 3110 ·
299 3021 338 3082 m
354 3022 451 3082 cecini
465 3025 567 3084 fausto
583 3026 717 3085 carmina
731 3025 823 3100 digna
839 3031 920 3084 toroz
1027 3077 1030 3084 .

196 3108 247 3168 135
260 3104 352 3165 Cuius
366 3110 397 3164 te
414 3106 537 3166 solitum
551 3109 673 3181 memini
686 3108 812 3168 laudare
825 3105 953 3180 libellos,

215 3222 217 3225 v
299 3187 460 3264 Exceptis,
475 3189 599 3250 domino
615 3192 667 3268 qui
681 3206 815 3253 nocuere
829 3203 904 3249 snos
982 3247 983 3250 ,

257 3270 312 3330 Cui
323 3277 376 3331 tna
389 3285 614 3347 nonnumquam
627 3273 746 3335 miranti
760 3273 873 3348 scripta
885 3269 1027 3346 regebam

297 3353 351 3413 llle
364 3359 441 3429 ego,
456 3355 496 3414 de
508 3361 613 3416 vestra
627 3356 676 3416 cui
695 3356 766 3415 datu
779 3361 873 3430 nupta
887 3355 979 3416 domo
993 3361 1051 3417 est.

254 3434 339 3495 Hanc
353 3437 462 3513 probat
476 3443 506 3499 et
519 3438 617 3514 primo
631 3439 770 3500 duacum
784 3453 906 3516 semper
919 3438 958 3499 ab
971 3453 1051 3500 aevo
