2598 3812
153 246 162 260 ,
200 212 262 279 110
538 160 540 167 ¹
630 211 775 316 ramis

284 364 330 427 Sit
343 364 397 427 tibi
412 363 546 440 coniugii
559 377 623 423 nox
635 361 735 438 prfmo
748 360 916 423 novissima
928 362 1026 425 vitaee

324 449 452 526 Eupolis
466 450 526 508 hoc
540 447 630 523 periit
643 453 673 506 et
687 461 769 505 nova
782 453 877 521 nupta
890 448 993 508 medo.

283 530 382 608 thue
396 533 604 595 cethumalum
619 528 768 589 cecidisse
781 530 986 608 Lycophrona
998 538 1130 607 narrant,

219 623 272 679 530
325 615 457 683 Haereat
470 616 500 674 in
515 613 599 674 libris
614 613 677 672 fixa
689 612 800 687 sagitta
812 613 883 673 tuis.

283 700 345 760 Aut
358 699 441 759 lacer
454 700 484 758 in
496 696 582 757 silvis
596 696 735 756 manibus
751 711 897 771 spargare
910 702 1039 773 tuorum,

328 782 462 857 Sparsus
477 786 509 839 ul
522 787 570 840 est
581 778 693 840 Thebis
708 795 807 854 angue
822 787 941 840 creatus
956 796 1025 840 avo.

284 865 403 938 Perque
418 866 500 924 leros
515 868 634 927 montes
648 869 736 923 tauro
750 863 887 938 rapiente
899 862 1040 938 traharis,

325 948 365 1008 Ut
375 954 471 1009 tracta
485 955 533 1007 est
546 946 679 1007 coniunx
693 946 864 1021 imperiosa.
871 947 958 1025 Lyci.

219 1038 271 1094 535
286 1030 436 1105 Quodque
451 1046 525 1091 suae
538 1045 635 1106 passa
648 1036 696 1089 est
710 1031 800 1105 pelex
814 1029 908 1090 invita
922 1028 1046 1104 sororis,
1096 1106 1098 1111 ,

324 1113 454 1174 Excidat
468 1121 537 1173 ante
551 1113 648 1189 pedes
661 1112 767 1187 lingua
779 1119 900 1173 resecta
912 1121 994 1174 tuos.

285 1195 430 1259 Conditor
440 1204 474 1258 ut
486 1197 607 1270 tardae,
620 1196 750 1256 Blaesus
766 1195 961 1271 cognomine,
977 1196 1084 1275 Cyrae,

326 1278 415 1341 Orbis
425 1281 454 1340 in
469 1279 635 1340 innumeris
651 1279 806 1339 inveniare
820 1281 906 1341 loeis.

283 1363 378 1438 Inque
392 1364 452 1424 tuis
467 1364 586 1440 opifex,
600 1363 663 1423 vati
677 1363 761 1439 quod
775 1362 846 1424 lecit
858 1363 994 1438 Achaeo,
1029 1422 1031 1426 .

219 1453 272 1509 510
325 1446 424 1507 Noxia
437 1447 599 1507 luminibus
613 1446 735 1522 spicula
748 1446 861 1507 condat
873 1446 953 1521 apis.

281 1528 376 1590 Fixus
388 1538 421 1595 at
435 1531 465 1590 in
479 1532 563 1591 doris
578 1530 715 1606 carparis
729 1531 849 1589 viscera
863 1530 957 1603 saxis,

326 1612 366 1674 Ut
378 1614 428 1674 eui
442 1614 559 1694 Pyrrha
573 1615 621 1675 sui
636 1614 699 1674 lilia
713 1614 812 1691 fratris
826 1621 900 1673 erat.

283 1697 323 1758 Ut
336 1713 413 1772 puer
426 1699 617 1776 Harpalyces
631 1698 747 1757 referas
762 1697 903 1772 exempla
916 1696 1077 1776 Thyestae,

257 1797 260 1805 ¹
323 1781 419 1858 Inque
432 1783 475 1843 tui
491 1798 601 1842 caesus
615 1780 737 1840 viscera
751 1781 845 1855 patris
860 1796 924 1840 eas.
1147 1774 1180 1819 ’ἶ

223 1871 275 1926 ele
289 1862 406 1924 Trunca
419 1880 508 1941 geras
524 1879 619 1924 saevo
633 1863 776 1923 mutilatis
790 1863 927 1939 partibus
943 1876 1026 1938 ense,
1087 1922 1090 1929 .

326 1948 432 2022 Qualia
445 1946 609 2008 Mamertae
622 1947 758 2007 membra
772 1947 869 2007 luisse
883 1948 992 2007 lerunt
1163 1979 1206 1989 —

283 2031 385 2106 thue
400 2030 566 2110 Syracosio
582 2031 761 2107 praestricta
774 2032 864 2091 fauce
878 2038 997 2106 poetae,

327 2114 378 2175 Sic
393 2116 511 2174 animae
525 2114 635 2189 laqueo
651 2114 754 2175 silvia
768 2115 874 2175 clausa
887 2120 966 2174 tuae.

285 2196 411 2257 Nudave
426 2197 552 2273 derepta
566 2205 690 2274 pateant
702 2203 754 2258 tua
767 2199 889 2257 viscera
904 2198 991 2274 pelle,

222 2288 281 2361 550Ι
329 2281 369 2341 Ut
381 2280 545 2360 Phrygium
560 2282 644 2343 cuius
660 2282 783 2342 nomina
797 2281 910 2341 flumen
924 2280 1025 2343 habet.
1111 2292 1115 2303 ’

287 2365 438 2435 Saxificae
451 2365 559 2425 videas
574 2364 679 2425 infelix
695 2381 749 2424 ora
761 2364 919 2436 Medusae,

199 2507 204 2517 ,
327 2447 502 2523 Cephenum
516 2451 629 2509 multos
646 2462 724 2523 quae
739 2449 823 2509 dedit
835 2465 897 2507 una
910 2448 987 2508 neci

284 2530 463 2592 Potniadum
476 2546 597 2592 morsus
612 2532 740 2603 subeas,
753 2539 789 2592 ut
802 2532 950 2606 GlaucuS,
966 2546 1120 2607 equarum,

324 2614 421 2690 Inque
434 2616 526 2675 maris
542 2615 650 2691 salias,
668 2617 801 2676 Glaucus
809 2623 849 2675 'ut
863 2617 951 2689 alter,
967 2631 1073 2690 aquas.

221 2704 273 2759 555
286 2698 386 2772 thue
398 2699 520 2760 duobus
535 2700 616 2759 idem
633 2700 721 2763 dictis
736 2699 827 2759 modo
845 2715 955 2759 nomen
969 2698 1116 2771 habenti,¹

324 2780 502 2844 Praefocent
515 2784 633 2845 anImae
648 2784 763 2843 Gnosia
778 2784 867 2843 mella
880 2785 970 2842 vimn.

286 2863 482 2941 Sollicitoque
495 2866 602 2943 bibas,
616 2868 711 2945 Anyti
726 2868 921 2933 doctissnnns
937 2865 1008 2925 cIIm

283 2958 290 2965 ·
327 2948 538 3023 Inperturbato
554 2951 637 3027 quod
651 2950 726 3011 bibit
741 2966 794 3011 ore
808 2967 890 3011 reus.

284 3030 347 3090 Nec
360 3032 427 3106 tibi,
443 3033 544 3107 siquid
559 3051 659 3108 emas,
676 3035 793 3095 felicius
807 3036 964 3094 Haemone
977 3028 1081 3091 aedae

223 3122 275 3178 560
329 3114 430 3188 thue
445 3132 501 3176 sua
510 3116 685 3194 Macareus,
702 3120 747 3180 sic
761 3117 879 3192 potiare
893 3122 955 3175 tua.

287 3199 344 3258 Vel
359 3199 481 3272 videas,
496 3200 653 3277 quodiam
668 3217 735 3261 cum
751 3201 892 3259 flammae
906 3204 1015 3258 cuncta
1028 3204 1173 3270 tenerent,

181 3290 184 3295 ’
327 3280 496 3342 Hectoreus
510 3286 608 3356 patria
621 3285 697 3343 vidit
710 3283 748 3342 ab
764 3296 834 3341 arce
849 3296 935 3356 puer.

287 3363 439 3438 Sanguine
454 3364 567 3439 probra
581 3366 662 3439 luas,
674 3373 709 3425 ut
720 3381 779 3424 avo
794 3365 930 3439 genitore
944 3371 1074 3438 creatus,

327 3444 384 3505 Per
397 3447 515 3507 lacinus
531 3464 619 3507 soror
633 3456 680 3508 est
694 3448 742 3506 cui
757 3462 813 3506 sua
827 3447 907 3507 lacta
921 3462 1043 3523 parens.

224 3535 275 3591 555
291 3526 418 3592 Ossibus
436 3531 528 3608 inque
542 3531 602 3593 fuls
614 3531 667 3591 teli
682 3545 779 3605 genus
793 3529 919 3592 haereat
931 3529 1015 3604 illud,
