2598 3812
502 232 545 310 V,
567 231 604 311 2,
624 229 739 298 5-78.
1075 228 1117 298 ta
1191 241 1200 253 ·

193 386 327 459 Viderit,
343 383 411 461 ipsc
425 400 559 460 sacram,
575 383 715 460 quamvis
729 383 862 461 invisus,
878 384 918 446 ad
932 401 1015 447 aram

238 469 425 544 Conlugiam.
460 470 744 555 arulassunrmovet
757 485 810 530 ara
822 485 940 530 manus.

140 644 180 700 45
195 636 357 711 Adloquor
370 651 408 695 en
423 635 536 707 absens
551 636 689 697 absentia
701 635 825 695 numina
838 637 978 711 supplex,

240 719 272 780 Si
287 721 334 780 fas
349 726 397 779 est
409 719 607 779 homininum
620 720 694 779 iove
710 735 805 794 posse
819 719 914 794 loqui.

199 804 320 863 Arbiter
333 803 464 877 imperii,
481 818 543 876 quo
559 810 672 863 certum
686 809 734 863 est
747 803 866 878 sospite
881 809 1007 863 cunctos
1021 806 1026 811 ’

240 886 397 947 Ausoniae
411 886 518 951 curam
528 887 626 961 gentis
640 885 753 945 habere
768 885 857 962 deos,
982 954 985 957 ,

200 968 223 1029 0
239 970 351 1042 decus,
367 985 385 1029 ο
400 971 517 1045 patriae
532 986 588 1045 per
600 977 631 1030 te
645 967 782 1030 florentis
798 970 908 1044 image,

147 1064 183 1116 5ο
239 1052 262 1113 0
280 1054 328 1113 vir
341 1068 402 1112 non
417 1053 502 1129 ipso,
518 1069 608 1128 quem
621 1053 719 1127 regis,
735 1053 808 1112 orbe
821 1054 934 1112 minor!

199 1136 250 1197 Sic
263 1136 381 1197 habites
395 1143 491 1197 terras
507 1144 538 1197 et
549 1143 580 1196 te
595 1136 748 1196 desideret
761 1137 873 1211 aether,

242 1220 293 1281 Sic
307 1221 347 1279 ad
361 1227 451 1295 pacta
463 1219 518 1282 tibi
533 1220 636 1280 sidera
648 1219 754 1280 tardus
770 1235 832 1292 aaa,

82 1317 89 1332 ·
198 1304 309 1376 Parce,
324 1319 447 1379 precor,
463 1305 678 1379 minimamque
690 1309 743 1362 tuo
758 1302 797 1362 de
810 1303 933 1364 fulmine
949 1306 1063 1379 partem
1126 1338 1132 1350 ›

241 1389 350 1448 Deme!
385 1388 460 1448 satis
475 1403 594 1462 paenae
609 1386 693 1462 quod
707 1387 878 1461 superabit,
893 1387 957 1448 erit.

147 1481 182 1534 55
195 1472 243 1530 Ira
258 1470 381 1546 quidem
391 1471 548 1532 moderata
559 1477 613 1530 tua
627 1476 689 1544 est,
703 1471 858 1546 vitamque
873 1470 993 1546 dedisti,

241 1555 304 1614 Nec
317 1554 390 1614 mihi
403 1555 451 1615 ius
467 1554 558 1629 civis,
574 1569 631 1613 nec
644 1553 716 1612 mihi
731 1569 841 1613 namen
852 1554 954 1613 abesae

199 1638 262 1698 Nec
275 1653 344 1697 mea
358 1653 507 1698 concessa
521 1644 568 1697 est
582 1637 650 1698 aliis
664 1637 798 1711 fortuna,
813 1634 870 1696 nec
885 1639 956 1696 exul

239 1720 338 1781 Edicti
351 1723 453 1781 verbis
468 1720 608 1782 nominer
621 1721 689 1796 ipse
702 1721 755 1780 tui.

200 1805 368 1880 Omniaque
381 1805 458 1864 haec
472 1804 572 1879 timui,
588 1804 731 1880 quoniam
746 1802 895 1863 meruisse
909 1802 1045 1863 videbar.

149 1896 186 1952 611
241 1887 303 1948 Sed
316 1895 368 1948 tua
381 1896 507 1964 peccato
522 1889 620 1948 lenior
632 1888 677 1947 ira
691 1902 759 1947 meo
775 1893 830 1946 est.

199 1974 284 2032 Arva
296 1973 459 2046 relegatum
475 1972 591 2033 iussisti
605 1973 706 2031 visere
719 1970 814 2043 Ponti,

242 2055 279 2114 Et
294 2054 469 2131 Scythicum
489 2057 619 2131 profuga
633 2054 774 2115 scindere
788 2068 892 2129 puppe
906 2053 1024 2116 fretum.

200 2139 307 2198 Iussus
322 2139 362 2198 ad
374 2140 483 2199 Euxini
498 2140 646 2200 defomria
659 2138 747 2198 litera
759 2138 831 2196 veni
944 2202 947 2207 ,

241 2223 405 2296 Aequoris.
439 2223 516 2282 haec
530 2223 632 2298 gelido
648 2230 728 2282 terra
742 2221 800 2282 'sub
814 2237 872 2281 axe
883 2221 983 2281 iacet‘

149 2313 185 2368 65
199 2305 262 2364 Nec
276 2321 325 2365 me
341 2312 402 2365 tarn
417 2306 531 2366 cruciat
544 2322 709 2381 numquam
729 2305 796 2365 sine
810 2306 923 2380 frigore
937 2303 1065 2378 eaelum,
1091 2366 1093 2377 ,
1211 2333 1214 2337 ›

244 2388 399 2465 Glabaque
414 2391 533 2450 canenti
548 2404 670 2465 semper
684 2388 794 2449 obusta
807 2389 886 2464 gelu,

201 2472 374 2547 Nesciaque
387 2479 434 2532 est
447 2472 534 2533 vocis
552 2474 635 2548 quod
652 2473 782 2533 barbara
795 2472 898 2547 lingua
910 2470 1046 2545 Latinae,

243 2555 396 2630 Graiaque
410 2556 494 2631 quod
513 2556 617 2617 Getica
630 2556 713 2616 uicta
726 2556 861 2631 loquella
874 2570 952 2614 sono
967 2561 1023 2626 est,

202 2639 296 2714 Quam
311 2640 394 2713 quod
409 2640 534 2701 finitimo
549 2641 664 2698 cinctus
679 2653 803 2715 premor
816 2638 950 2727 undique
963 2638 1067 2710 Marte,

152 2729 187 2786 70
241 2722 363 2798 Vixque
376 2722 478 2784 brevis
493 2722 575 2784 tutcs'
589 2738 693 2784 murus
707 2724 745 2782 ab
760 2723 849 2782 hoste
864 2721 944 2780 iacit

200 2804 265 2864 Pax
277 2813 377 2866 tamen
392 2806 542 2866 interdum
556 2813 612 2867 est.
647 2808 734 2882 pacis
749 2806 861 2865 fiducia
874 2808 1047 2880 numquam.

244 2888 297 2949 Sic
310 2889 360 2949 hic
378 2904 458 2949 nunc
472 2890 597 2964 patitur,
613 2905 692 2959 nunc
706 2890 789 2948 timet
803 2905 886 2950 arma
899 2890 996 2949 locus.

202 2971 279 3031 Hinc
294 2987 351 3047 ego
365 2973 437 3033 dum
450 2980 562 3046 muter,
583 2976 632 3034 vel
647 2989 696 3032 me
708 2972 858 3032 Zanclaea
874 2971 1045 3048 Charybdis

243 3055 376 3117 Devoret
390 3064 481 3133 atque
496 3057 561 3116 suis
576 3056 616 3116 ad
631 3057 727 3133 Styga
742 3056 838 3116 mittat
851 3056 951 3130 aquis,

150 3147 186 3204 75
199 3138 258 3198 Vel
271 3140 398 3214 rapidae
412 3139 542 3200 flammis
556 3156 628 3200 urar
646 3141 794 3216 patienter
808 3140 838 3198 in
855 3139 982 3210 Aetnae,

240 3223 299 3282 Vel
313 3223 389 3284 treta
401 3224 544 3285 Leucadii
558 3224 658 3283 mittar
670 3223 701 3282 in
712 3224 772 3283 alta
787 3224 846 3283 dei.
1063 3219 1120 3296 [sa

201 3303 289 3380 Quod
303 3307 449 3383 petimus,
460 3323 562 3384 poena
573 3315 630 3367 est.
649 3306 840 3381 nequeenim
851 3303 943 3363 miser
953 3317 1024 3363 esse
1034 3314 1120 3362 recu-

243 3388 306 3450 Sed
320 3406 445 3467 precor,
459 3398 493 3453 ut
505 3390 624 3468 possim
637 3388 731 3450 tutius
743 3404 815 3450 esse
828 3387 931 3448 miser.
