2602 3816
486 208 531 282 lt,
552 206 733 274 ete-iia.

95 318 101 332 ι
129 368 181 424 155
193 359 300 421 Monte
309 357 367 419 sub
380 357 520 433 llequilio
533 359 634 419 multis
649 361 817 421 incaeduus
832 362 920 423 annis
980 354 984 361 ’

232 442 356 503 Iunonis
371 457 499 517 magnae
512 441 634 502 nominc
647 444 734 505 lacus
748 451 821 513 erat

193 525 258 586 Huc
274 525 324 585 ubi
337 532 500 600 venerunt,
514 525 626 600 pariter
640 518 814 601 nuptaeque
831 527 947 603 virique

234 608 418 683 Suppliciter
430 608 531 682 posito
546 608 736 683 procubuere
749 625 843 684 genu:

144 704 150 714 ’
195 690 269 752 Cum
283 691 383 752 urbito
396 692 497 751 motae
510 698 659 751 tremuere
672 693 828 752 cacumina
842 694 947 770 silvae,
1063 704 1076 751 t

129 779 184 835 llo
233 774 271 834 Et
284 775 344 834 dea
357 789 411 850 per
424 775 511 835 lucos
523 775 599 832 mira
612 776 713 835 locuta
726 791 811 835 suos.

195 858 329 919 ‘ltelidas
342 863 463 918 matres’
479 857 582 930 inquit
592 860 693 916 ‘sacer
705 858 807 918 hircus
821 858 917 920 inito?
1019 874 1024 887 ¹

236 939 388 1016 Obstipuit
402 940 493 1003 dubio
507 939 609 999 territa
622 940 710 1000 turba
723 956 811 1001 suno.
908 940 910 945 '

194 1025 301 1098 Augur
315 1030 392 1095 erat,
408 1038 518 1082 nomen
533 1024 632 1098 longis
646 1023 797 1085 intercidit
809 1024 913 1085 annisa

235 1107 337 1182 Nuper
350 1106 389 1166 ab
402 1106 529 1166 Etrusca
541 1113 668 1167 venerat
680 1106 749 1166 exul
764 1106 865 1168 humo.

128 1192 181 1249 445
194 1189 252 1251 lile
261 1205 384 1265 caprum
397 1196 515 1249 mactat.
542 1189 648 1249 iussae
661 1204 719 1249 sua
731 1197 816 1263 terga
830 1191 950 1265 puellae

234 1272 367 1333 Pellibus
381 1273 514 1333 exsectis
529 1272 726 1347 percutienda
739 1273 860 1332 dabant

193 1355 278 1415 Luna
290 1355 463 1417 resumebat
479 1352 597 1415 decimo
612 1371 693 1416 nova
709 1370 824 1416 cornua
837 1362 929 1428 motu,

234 1438 349 1513 Virque
363 1445 450 1514 pater
463 1437 578 1511 subito,
592 1434 858 1513 nuptaqae‘mater
874 1445 948 1498 erat

197 1519 299 1582 Gratia
311 1521 452 1581 Lucinae.
480 1521 564 1594 dedit
577 1521 652 1581 haec
665 1521 718 1581 tibi
733 1523 855 1581 nomina
869 1522 966 1596 lucus,

130 1601 185 1656 45⁰
235 1604 381 1678 Autquia
395 1603 575 1680 principium
589 1609 635 1674 tu,
651 1605 724 1678 dea,
739 1604 815 1664 lucis
828 1603 934 1664 habes.

194 1685 302 1760 Parce,
317 1703 442 1763 precor,
456 1687 606 1760 gravidis,
622 1688 719 1747 laciiis
733 1687 861 1761 Lucina,
875 1686 996 1761 puellis,

231 1770 444 1847 illatarumque
457 1777 543 1831 utero
558 1771 687 1830 molliter
700 1771 787 1830 auier
800 1785 889 1841 onus,

197 1851 268 1913 Orta
285 1853 352 1914 dies
369 1854 470 1928 inerit,
485 1860 518 1915 tu
531 1854 637 1914 desine
651 1853 776 1913 eredere
789 1853 898 1913 ventis.
929 1876 931 1881 ·

238 1935 371 1997 Perdidit
384 1938 465 1998 illius
478 1937 624 2011 temporis
638 1953 712 1996 aura
724 1937 825 1996 tidem.

131 2022 184 2078 455
198 2018 334 2081 Flamina
345 2037 407 2082 non
421 2027 569 2081 constant
597 2026 627 2081 et
641 2035 698 2081 sex
710 2026 845 2079 reserate
858 2018 975 2085 diebus·

237 2100 373 2163 Carceris
387 2104 488 2163 Aeolii
501 2105 592 2164 lanua
605 2106 676 2163 laxa
690 2109 781 2178 patet

193 2186 257 2247 lam
270 2185 347 2246 levis
363 2185 487 2263 obliqua
499 2186 638 2247 subsedit
651 2186 805 2260 Aquarius
819 2201 904 2246 uma

234 2268 394 2329 Proximus
409 2269 568 2330 aethereos
584 2270 708 2344 excipe,
720 2268 833 2343 Piscis,
848 2283 955 2343 equos.

193 2353 237 2415 Te
249 2359 416 2413 memorant
430 2352 612 2428 fratremque
625 2360 739 2413 tuum...
754 2369 824 2414 nam
837 2353 939 2413 iuncta
951 2349 1070 2412 micatis
1085 2370 1091 2378 ⁴

130 2443 184 2500 too
239 2435 363 2510 signa„
378 2435 457 2495 duos
470 2442 555 2509 tergo
570 2436 755 2497 sustinuisse
767 2437 854 2495 deos.

194 2518 367 2582 Terribilem
381 2518 535 2594 quondam
549 2518 667 2593 lugiens
681 2519 831 2597 Typhona
843 2517 949 2590 Dione,

232 2601 316 2663 Tunc
328 2617 397 2663 cum
411 2617 466 2676 pro
482 2602 568 2664 eaelo
581 2603 715 2677 Iuppiter
728 2618 811 2661 arma
823 2601 896 2672 tulit,

194 2685 287 2747 Venit
298 2686 338 2746 ad
351 2684 524 2760 Euphraten
538 2686 679 2746 comitata
696 2684 842 2758 cupidine
856 2695 961 2755 parvo,

231 2764 267 2830 ln
269 2786 329 2847 que
342 2767 529 2831 Palaestinae
544 2769 679 2842 margine
694 2762 773 2826 sedit
788 2778 895 2839 aquae.

133 2851 185 2908 455
198 2848 330 2928 Populus
344 2860 376 2914 et
389 2858 506 2913 cannae
516 2851 651 2926 riparum
665 2864 782 2909 summa
795 2845 944 2921 tenebant,

239 2934 392 3012 Spemque
406 2933 519 2995 debant
532 2933 660 3004 salices,
674 2931 732 2990 hos
748 2944 871 3005 quoque
885 2942 980 3006 posse
992 2930 1063 3019 tegi.

197 3013 957 3094 11551155551555551555555555555.1115551555

238 3098 347 3173 Pallet,
362 3112 392 3163 et
409 3099 537 3161 hostiles
552 3099 647 3158 credit
660 3097 773 3157 adesse
784 3113 903 3159 manus.

196 3180 298 3256 thue
310 3198 379 3244 sinu
390 3184 485 3245 tenuit
497 3187 613 3255 natum
628 3180 812 3241 ‘succurrite
818 3179 1002 3259 ,nymphae

132 3271 186 3330 575
240 3264 280 3324 Et
293 3265 340 3324 dis
354 3267 497 3327 auxillum
511 3264 585 3325 lerte
599 3263 813 3325 duobust’ait
914 3266 917 3273 ’
974 3286 977 3293 2

197 3347 261 3411 lieo
273 3360 358 3407 more
364 3348 534 3424 ,prosiluit
563 3348 666 3423 pisces
680 3345 802 3407 subiere
816 3343 948 3419 gemella
995 3366 998 3369 ·

235 3429 294 3492 Pro
310 3446 372 3506 quo
385 3447 464 3493 nanc
477 3431 561 3493 cerui
573 3431 676 3493 sidera
688 3445 806 3492 munus
811 3426 940 3489 habult.
