2598 3812
175 226 244 295 ra'
390 192 392 197 ’
569 226 794 294 11131111

229 392 247 445 a
262 381 395 456 Sufficit,
410 387 502 458 atque
515 383 585 459 ipso
599 390 742 443 vexatum
755 380 888 444 induruit
900 382 970 445 131.
985 382 988 387 ’

299 468 349 527 Α1
362 468 460 542 magis
474 468 593 528 infirmo
608 481 670 525 non
682 474 773 527 rarat
786 480 858 526 esse
871 467 966 527 mibtt

257 549 345 610 Mens
361 558 459 610 tamen
475 565 568 626 aegra
581 549 673 623 iacet,
688 565 746 610 neo
761 556 898 624 tempore
911 549 1024 612 robora
1037 550 1180 628 sumpsit,

299 631 500 709 effectusque
515 632 606 695 animi
623 633 676 706 qui
690 633 844 704 11111116,
862 640 990 694 maneb

258 717 403 792 Quaeque
416 730 502 778 mora
516 716 678 792 spatioque
691 731 748 776 suo
764 717 879 777 coitura
892 717 995 792 putavi

210 809 244 862 lo
297 799 447 873 Vulnera,
463 817 525 861 non
538 800 646 871 aliter,
657 814 749 874 quam
762 794 861 859 modo'
871 801 951 861 taeta
964 801 1078 861 dolent.

260 882 381 943 Seilioet
400 883 518 958 exiguis
533 883 660 959 prodest
674 897 793 942 annosa
806 889 953 944 vetustos.

301 965 471 1026 Grandibus
486 967 636 1027 accedunt
650 972 789 1041 tempore
803 964 915 1026 damna
928 966 1026 1027 matis.

256 1048 357 1109 Paene
371 1049 478 1109 decem
491 1051 562 1111 totis
577 1049 651 1109 11111
665 1046 827 1109 Poeantius
842 1050 929 1110 annis
1019 1068 1025 1083 ¹

298 1132 476 1192 Pestiferam
492 1132 606 1194 tumido
621 1135 730 1193 vulnus
744 1130 782 1192 ab
802 1148 901 1208 angue
915 1133 1027 1193 datum.

209 1222 242 1280 11
257 1215 408 1291 Telephus
422 1223 547 1276 aeterna
560 1221 761 1290 consumptus
775 1215 845 1274 tabe
859 1217 999 1292 perisset,

299 1297 332 1358 Si
347 1315 408 1360 non
424 1316 503 1373 quae
518 1300 760 1372 nocuit,·dextro
772 1298 893 1359 tulisset
906 1315 1006 1375 opem.
1083 1296 1088 1307 ’

256 1382 295 1442 Et
307 1397 389 1454 mea,
405 1382 431 1442 si
445 1383 563 1443 facinus
577 1383 690 1442 nullum
705 1381 926 1456 commisimus,
942 1390 1025 1459 opto,

298 1466 434 1525 Vulnera
448 1468 499 1540 qui
516 1466 602 1539 feeit,
617 1467 698 1526 faeta
710 1467 813 1525 levare
826 1465 908 1526 velit.

258 1549 483 1623 contentusque
498 1549 556 1609 mei
571 1549 631 1609 iam
644 1548 766 1609 tandem
779 1555 865 1623 parte
880 1549 996 1612 doloris

206 1640 242 1693 20
295 1631 443 1707 Exiguum
461 1635 552 1708 pleno
568 1633 703 1693 domare
717 1631 937 1708 demataquae.

257 1715 400 1776 Detrahat
414 1722 447 1775 ut
460 1718 603 1792 multum,
617 1716 742 1777 multum
756 1715 883 1776 restabit
896 1715 1006 1790 acerbi,

298 1799 435 1874 Parsque
450 1815 536 1860 11616
551 1815 670 1876 poenae
684 1799 777 1859 totius
798 1799 893 1859 instar
907 1801 972 1859 erit

256 1881 358 1944 Litora
376 1890 450 1957 quot
464 1880 613 1955 conchas,
633 1890 707 1957 quot
721 1896 848 1942 amoena
861 1883 981 1943 rosaria
995 1880 1098 1958 flores,

300 1966 417 2038 Quotve
432 1967 635 2041 soporiferum
649 1980 744 2040 grana
758 1970 894 2045 papaver
907 1965 1007 2038 habet,

207 2055 242 2108 15
257 2047 341 2108 Silva
354 2049 434 2108 16113
450 2056 524 2124 quot
538 2050 603 2121 etit,
621 2054 695 2122 quot
709 2048 846 2123 piscibus
860 2048 944 2108 unda
958 2055 1085 2123 natatur,

223 2150 226 2161 ·
299 2131 378 2204 Quot
392 2138 525 2190 tenerum
541 2131 650 2207 permis
665 2135 736 2190 aira
749 2131 852 2206 pulsat
866 2132 942 2204 avis,

255 2214 312 2275 Tot
324 2229 446 2288 premor
458 2215 609 2275 adversis,
646 2215 767 2289 quaesi
782 2215 1002 2291 comprendere
1014 2229 1116 2288 ooner,

297 2296 413 2357 Icariae
432 2313 589 2358 numerum
603 2298 706 2358 (111616
720 2312 814 2358 coner
828 2314 937 2374 aquae

254 2381 354 2454 thue
367 2379 437 2443 viae
448 2396 554 2454 casus,
569 2389 603 2443 ut
616 2398 720 2442 amare
738 2383 873 2458 pericula
887 2381 982 2457 ponti,

206 2468 242 2524 30
296 2463 336 2524 Ut
349 2470 467 2524 taceam
482 2464 603 2526 strictas
619 2465 650 2524 in
664 2481 733 2525 mea
747 2465 810 2525 sota
822 2481 947 2527 manus:
967 2514 970 2521 .

253 2545 389 2608 Barbara
402 2562 450 2607 me
464 2540 553 2608 tellus
569 2547 713 2623 orbisque
727 2550 896 2609 novissima
910 2549 1011 2624 magni

297 2629 448 2703 Sustinet,
464 2637 494 2691 et
508 2647 602 2694 saevo
617 2632 732 2692 cinctus
748 2631 786 2691 ab
801 2632 891 2694 hoste
905 2634 1002 2694 loeus.

252 2713 855 2803 1111161111116161,...16116611111161
865 2718 955 2793 eulpa
965 2721 1172 2778 ementoest..

295 2796 400 2870 Esset,
417 2815 496 2872 quae
511 2799 617 2871 debet,
633 2799 660 2858 si
674 2796 728 2858 tibi
743 2796 816 2859 eura
828 2800 898 2861 mei.

205 2886 239 2941 35
252 2878 306 2938 Ille
321 2879 413 2954 deus,
429 2881 507 2942 bene
526 2900 587 2957 quo
601 2884 739 2944 Romana
752 2885 886 2958 potentia
896 2882 968 2942 nixa
982 2887 1038 2957 est,

296 2960 397 3036 Saepe
412 2980 469 3025 suo
486 2966 583 3029 vietor
599 2966 677 3027 lenis
694 2966 725 3025 in
738 2966 827 3029 hoste
843 2967 906 3028 tuit

254 3043 333 3120 Quid
347 3044 468 3107 dubitas
482 3056 513 3109 et
522 3056 585 3110 tuta
598 3050 708 3110 timest
742 3051 855 3110 aooede
868 3062 1020 3123 rogoque:

295 3127 426 3193 Caesare
440 3131 482 3188 nit
495 3132 602 3206 ingens
616 3133 717 3193 mitius
733 3132 816 3193 orbis
830 3131 930 3192 habet
1043 3131 1172 3209 [quuntr

252 3209 302 3271 Me
318 3212 478 3272 1113611111
507 3214 580 3287 quid
596 3230 700 3289 agam,
725 3215 752 3276 si
768 3215 1065 3293 proximaquaeque
1081 3216 1171 3278 161111

204 3300 240 3354 to
294 3293 453 3356 Subtrahis
469 3294 593 3357 effracto
607 3306 641 3357 tu
655 3313 778 3373 quoque
792 3298 871 3358 eolla
883 3300 976 3375 iugot

255 3376 321 3451 Quo
332 3379 441 3439 161111·
456 3379 539 3440 unde
553 3387 654 3455 petam
667 3378 763 3455 lapsis
779 3380 895 3443 solacia
907 3381 1023 3444 rebust

283 3462 418 3522 -Anoora
430 3462 491 3524 iam
504 3469 714 3524 nostrumnon
727 3469 809 3525 tenet
821 3466 885 3529 ulta
896 3473 1000 3529 ratem.
