2602 3816
195 180 259 260 210
476 188 484 198 “
569 180 825 261 FAST'QRUM

278 338 346 412 Ant
360 334 434 414 quia
447 332 653 417 praevlaosln
668 336 847 410 aquatlmet
861 334 963 399 hostia
976 334 1101 412 minos,

321 424 349 481 A
364 421 485 498 pecoris
500 423 553 482 lux
567 426 616 480 est
629 419 699 494 ipsa
713 425 816 481 comta
829 427 932 480 metus

278 503 338 566 Fas
353 506 456 577 etiem,
473 504 538 567 fieri
553 502 652 569 solitis
665 508 766 565 aetate
779 502 916 579 priorum
1002 516 1006 521 ·

220 596 273 653 330
327 589 454 649 Nomina
468 586 506 646 de
520 585 600 647 ludis
616 584 732 645 Graeca
745 585 851 646 tulisse
868 586 957 646 diem.

230 684 234 695 ’
224 671 315 738 Et
328 684 423 747 pecus
438 671 579 744 conquas
593 668 715 731 dicebat
723 669 847 743 Agonia
861 684 972 730 sermo.

317 755 462 828 veraque
475 752 586 812 iudicio
601 758 649 811 ast
661 752 767 815 ultima
779 767 874 812 causa
887 768 966 815 meo.

276 837 378 913 [aque
389 850 427 899 ea
440 848 501 895 uon
515 842 596 896 certo
612 840 673 906 est,
688 834 730 895 ita
743 849 797 895 rex
806 832 936 932 placare
950 848 1108 897 sacrorum

319 920 447 981 Numina
460 918 612 993 lanigerae
626 919 756 993 malope
770 912 861 979 dabet'
874 919 953 979 ovis.

214 1006 266 1064 335
278 1003 419 1076 Victima,
434 1016 513 1078 quaa
527 1001 636 1063 accidit
649 1001 758 1061 dextra
771 1000 909 1075 victrice,
923 1007 1063 1063 anemuri

317 1085 463 1147 Hostibus
478 1101 497 1145 a
511 1085 634 1147 domitis
647 1084 749 1146 hostia
762 1100 873 1145 nomen
887 1048 988 1145 tiata

275 1168 370 1242 Ante,'
386 1171 461 1230 deos
475 1168 589 1229 homini
604 1169 690 1243 quod
704 1169 867 1228 conciliare
882 1166 1016 1243 valeret
1064 1213 1067 1219 ,

316 1252 376 1313 Far
389 1259 455 1313 erat
468 1260 498 1313 ct
509 1251 579 1328 puri
592 1251 694 1312 lueida
709 1248 787 1311 mica
800 1250 885 1312 salis.

276 1335 415 1398 Nondum
429 1337 592 1412 pertulerat
606 1335 778 1395 lacrimatas
792 1330 905 1396 cortice
918 1336 1059 1412 mutilas
1180 1406 1184 1411 ‚

213 1428 265 1486 340
317 1421 396 1480 Acta
407 1434 465 1496 per
479 1434 650 1494 aequoreas
664 1418 787 1494 hospita
801 1419 890 1483 novis
901 1434 1010 1494 aquas,
1164 1422 1171 1435 ·

274 1501 353 1564 Tura
367 1518 423 1564 noc
437 1500 622 1577 Euphrates,
638 1517 694 1562 nec
709 1501 831 1562 miserat
845 1503 931 1565 ludia
945 1510 1072 1578 costum,

298 1587 377 1649 .Nec
391 1586 510 1648 lucrant
522 1584 605 1645 mbri
617 1585 741 1660 cognita
754 1586 808 1645 illa
821 1586 912 1645 araci.

269 1670 336 1733 Ara
350 1662 442 1733 dabat
456 1670 558 1730 manos
570 1666 674 1729 herbis
689 1675 829 1730 contenta
844 1668 974 1742 Sabinis,

314 1755 352 1815 Et
369 1771 430 1815 uon
449 1753 560 1828 exiguo
574 1752 678 1813 laurus
697 1753 806 1813 adusta
820 1766 909 1812 sono,

213 1841 263 1897 343
277 1836 381 1913 Siquis
395 1843 474 1915 crat,
489 1835 578 1897 factis
592 1836 671 1911 piati
681 1836 724 1895 da
738 1835 815 1895 dore
827 1836 953 1899 aaronis
1024 1865 1033 1883 ·

317 1921 373 1996 Qui
388 1927 496 1997 posset
511 1919 608 1979 violas
623 1918 752 1991 addere,
767 1919 853 1979 dives
867 1927 942 1983 crat.

275 2003 346 2078 llic,
362 2005 413 2079 qui
428 2020 508 2064 nunc
522 2003 620 2081 aperit
633 2002 771 2078 percussi
785 2002 907 2063 viscera
921 2005 1007 2075 muri,

316 2086 350 2146 in
365 2088 461 2147 sacris
476 2087 593 2147 nullum
607 2087 702 2147 culter
715 2085 845 2146 habebat
859 2102 949 2162 opus.

274 2169 373 2228 Prima
389 2169 480 2230 coros
494 2169 604 2229 avidae
618 2170 725 2247 gavisa
739 2176 787 2231 est
799 2169 949 2243 sanguine
960 2186 1083 2246 porcae,

213 2264 266 2321 ssa
319 2253 389 2313 Ulta
406 2267 480 2314 suas
492 2252 599 2313 modta
612 2253 707 2313 caedo
721 2255 859 2314 nocentis
874 2268 960 2329 opes.
994 2282 997 2290 .

274 2336 350 2397 Nam
364 2341 430 2396 sata
443 2348 517 2395 uere
530 2350 610 2396 novo
626 2336 738 2396 teneris
751 2336 892 2396 lactentia
910 2335 996 2397 sacis

316 2418 408 2479 Eruta
420 2419 591 2493 saetigerae
603 2420 751 2494 conmorit
764 2435 818 2478 ore
832 2419 908 2480 suis.

222 2502 336 2565 Sus
356 2502 622 2577 dederatpoenas.
649 2502 796 2577 Exemplo
811 2504 931 2565 territus
945 2504 1038 2565 liuius

317 2585 440 2646 Palmite
455 2584 605 2645 debueras
621 2584 819 2658 abstinuisse,
835 2600 936 2662 caper
1095 2632 1102 2643 s
1287 2620 1288 2669 3

214 2675 266 2731 353
282 2670 375 2745 Quem
390 2675 534 2746 spectans
547 2669 659 2743 aliquis
673 2669 801 2729 dentes
794 2686 824 2728 m
838 2670 899 2729 vite
914 2675 1108 2746 promentem,
1287 2688 1288 2691 ¹

318 2753 475 2814 Talianon
489 2752 580 2813 tacito
598 2753 799 2813 dictadolore
814 2752 911 2813 dedit·
1018 2775 1023 2782 ·
1210 2800 1215 2801 ff
1287 2701 1289 2818 Ι

277 2835 391 2909 acue,
408 2852 508 2913 caper,
523 2836 630 2895 vitem!
645 2843 745 2896 tamen
758 2836 838 2911 binc,
854 2852 923 2896 cum
936 2835 1031 2896 stabis
1045 2833 1085 2895 ad
1100 2850 1198 2913 aram,

318 2919 351 2979 In
364 2925 418 2979 tua
435 2919 519 2994 quod
532 2919 637 2995 spargi
651 2936 766 2981 cornua
778 2920 892 2996 possit,
908 2919 984 2979 crit?

278 3001 380 3062 Verba
393 3000 472 3061 fides
486 3003 630 3076 sequitur.
658 3018 758 3063 noxae
769 3004 823 3064 tibi
838 3003 957 3062 deditus
971 3001 1069 3062 hostis

213 3098 266 3154 ssa
319 3084 476 3160 Spargitur
489 3082 599 3146 adfuso
615 3101 743 3160 cornua,
757 3085 890 3158 Bacche,
906 3101 1000 3145 mero.

278 3166 372 3244 culpa
385 3168 433 3229 sui
446 3169 558 3228 nocuit.
585 3168 689 3229 maurit
703 3184 825 3245 quoque
840 3168 930 3244 culpa
944 3168 1094 3243 capellses

316 3250 393 3326 Quid
409 3251 481 3322 bos,
501 3251 573 3325 quid
591 3252 731 3327 placidae
746 3252 965 3313 commeruistis
980 3258 1076 3311 oves?

275 3333 380 3395 Flebat
392 3334 564 3406 Aristaeus,
582 3335 665 3410 quod
677 3349 754 3409 opes
769 3348 837 3397 cum
851 3333 945 3411 stirpe
958 3341 1082 3398 necatas

259 3412 262 3425 '
314 3417 440 3478 Viderat
457 3418 594 3495 inceptos
608 3415 782 3479 destituisse
796 3416 894 3479 lavas.
