2586 3820
108 228 109 239 ι
204 183 274 253 3114
444 179 452 185 ’
586 186 840 261 residebit
961 202 973 213 ‘

198 387 201 391 <
334 336 593 415 Curarepelieudi
606 339 924 409 sedmllnlaullaiaib.

263 471 268 477 .
292 419 469 487 0333333333
483 429 604 498 patres,
617 431 663 498 et,
680 426 707 485 sl
720 423 799 487 bene
811 422 921 487 1133331
933 439 1041 500 annae

331 504 976 573 Numinibusnnstrisannuelestavoveut
1070 564 1073 571 ι

183 610 190 634 ι
290 589 462 652 Annuimus
475 596 558 650 vote.
586 589 699 652 consul
713 586 786 655 eum'
796 592 924 653 3333313
936 591 1025 655 ludas

224 679 279 736 333
330 671 485 734 Postumio
498 672 617 737 Laenas
631 675 811 749 persoluere
823 673 918 735 mihi’

292 754 445 831 Quaerere
459 755 610 831 33331333,
626 772 722 833 qnae
734 757 863 821 laseivia
875 757 972 823 333133
1011 812 1015 819 .

332 839 387 901 Η13
402 841 482 901 13331
496 839 526 901 iu
540 840 622 903 ludis
636 840 820 916 liberiorque
833 842 932 903 iocus.

292 921 357 985 Sed
368 922 442 985 milri
456 923 613 998 333333ιί1,
635 939 745 987 numen
757 939 820 987 aon
834 938 907 985 esse
920 938 1070 999 33333333,
1165 978 1169 985 .

330 1007 474 1083 Aptaque
488 1005 605 1069 deliciis
619 1022 745 1069 3333333
758 1008 837 1067 terre
851 1007 950 1071 (13333.
1003 1024 1006 1029 ·

224 1095 277 1154 333
289 1088 440 1166 Tempora
454 1088 593 1153 sutilibus
608 1090 766 1166 ausuum
779 1097 853 1166 pota
866 1091 998 1165 3333313,

331 1170 369 1233 Et
383 1173 453 1234 latet
466 1172 577 1235 iniecta
590 1173 755 1249 splendida
768 1188 875 1234 rnenea
886 1188 970 1237 3333.

290 1254 400 1317 Ebrius
414 1254 551 1319 ineineb‘s
560 1255 687 1333 philyra
698 1255 829 1319 eonviva
842 1256 961 1332 capillis

332 1338 441 1412 Saitat,
464 1346 494 1399 et
506 1339 683 1414 imprudeas
696 1340 787 1400 utitur
800 1345 865 1403 arte
875 1340 960 1409 33331.

290 1421 399 1485 Ebrius
412 1422 453 1483 ad
468 1422 576 1489 333333
590 1423 743 1489 1333333333
755 1423 844 1487 limen
860 1423 975 1487 333333
1054 1468 1056 1473 ·
1149 1478 1153 1491 .

223 1516 277 1572 tto
330 1506 444 1573 cantat
471 1505 705 1573 babentunttae
718 1505 915 1569 meiiaserta
929 1521 1045 1571 remae

289 1587 376 1650 113113
388 1596 535 1650 coronata
550 1597 734 1665 3333333333
747 1589 828 1653 seria
840 1589 947 1664 133313,
1266 1612 1267 1659 t

327 1672 389 1733 Nee
403 1673 537 1749 liquidae
551 1672 660 1735 vinetis
674 1672 751 1734 llere
764 1672 904 1735 bibuntur
917 1688 1027 1749 aquae

287 1754 394 1821 113333
409 1772 479 1819 eras
491 1756 716 1831 3313333113,
733 1756 878 1830 33133133,
892 1758 1033 1833 rabenna,

330 1840 433 1903 Gratia
445 1840 612 1903 sumendae
626 1856 688 1904 non
701 1846 766 1900 erat
776 1839 839 1903 3113
851 1855 951 1901 rosea

181 1948 183 1957 ¹
221 1922 429 1990 astacenus
443 1921 645 1987 amatllores:
667 1921 788 1987 Baeeho
802 1923 957 1998 plaauisse
971 1938 1116 1989 33333333

326 2006 374 2069 Ex
386 2006 560 2071 Ariadnaeo
573 2006 674 2069 sidere
688 2021 782 2069 nasse
793 2013 894 2081 potes
1266 2048 1267 2053 ι

287 2088 406 2152 Scaena
419 2091 498 2155 levis
509 2090 598 2151 deret
610 2090 699 2153 hane
721 2105 784 2151 333
794 2096 850 2162 est,
865 2070 1070 2166 mihicredile,
1086 2106 1150 2155 nnn
1162 2102 1208 2155 est
1266 2116 1267 2167 l

326 2173 381 2234 Illa
395 2173 588 2235 cothurnalas
602 2174 682 2235 iuter
692 2172 834 2235 babentia
848 2174 934 2237 deas.
1266 2216 1267 2229 ι

285 2255 386 2317 Turba
400 2257 523 2338 quidem
538 2272 591 2317 333
604 2257 664 2318 1333
676 2256 807 2319 33133331
820 2257 987 2323 werten
999 2257 1100 2333 ludos,

217 2346 271 2401 333
321 2338 387 2400 Nun
403 2354 443 2400 ex
456 2339 571 2401 dilfieili
585 2356 680 2401 causa
692 2340 786 2417 petita
799 2338 913 2403 subest

284 2421 350 2491 Nan
364 2428 412 2483 est
425 2423 465 2485 de
478 2423 615 2497 tetricis,
630 2440 692 2487 non
707 2431 755 2487 est
767 2424 807 2485 de
820 2439 932 2499 magna
944 2424 1111 2502 protessis:

324 2507 397 2566 Volt
408 2521 469 2567 333
483 2505 602 2581 plebeio
618 2522 707 2566 sacra
726 2514 830 2582 patere
844 2508 947 2569 ahora.

283 2589 322 2650 Et
337 2596 441 2651 monet
454 2589 561 2653 aetatis
575 2589 693 2665 specie,
714 2590 786 2650 dum
799 2589 918 2666 floreat,
931 2592 983 2667 uti,

154 2677 158 2685 '
325 2671 481 2735 Contemni
494 2673 629 2748 spinam,
647 2688 715 2733 eum
730 2674 982 2752 aeciderewrosae.

199 2758 270 2819 '³55
286 2755 346 2817 Cur
358 2763 476 2830 1333333,
497 2763 530 2817 ut
543 2756 652 2817 dantur
665 2764 768 2819 vestes
784 2756 950 2825 Cerialibus
964 2758 1060 2835 albae

172 2901 174 2904 ,
325 2838 376 2900 Sic
389 2839 466 2900 haee
480 2847 528 2900 est
543 2842 625 2903 cuttu
639 2840 826 2900 versicolore
840 2841 976 2905 decenst

282 2923 333 2982 An
346 2923 420 2996 quia
434 2924 558 2984 maturis
573 2923 700 2985 albescit
713 2923 824 2985 messis
839 2924 951 2998 aristis,

205 3019 213 3024 ·
322 3004 360 3064 Et
377 3006 463 3065 33133
475 3013 506 3066 31
520 3009 640 3081 speeies
656 3005 783 3068 floribus
801 3008 900 3080 333313
914 3009 1013 3071 133313

282 3088 405 3148 Annuit
433 3094 463 3149 et
477 3089 567 3151 motis
584 3089 678 3153 flores
692 3090 832 3151 cecidere
846 3091 973 3167 capillis,
1060 3156 1064 3161 ,

214 3178 267 3235 363
299 3185 307 3201 ·
320 3171 470 3231 Accidere
484 3172 652 3235 inmensas
668 3180 701 3233 ut
712 3189 786 3233 3333
796 3174 894 3235 missa
907 3176 994 3236 33131.

281 3254 410 3316 Lumina
422 3254 586 3329 restabant,
610 3254 742 3331 quorum
754 3271 804 3315 me
817 3272 913 3318 eausa
926 3256 1052 3327 latebatt

324 3337 398 3398 Cum
411 3339 456 3398 sie
471 3352 590 3401 3333333
605 3339 729 3411 abstulit
742 3341 793 3398 1113
806 3355 909 3401 meos:
964 3363 967 3367 ·

283 3419 352 3480 <Vel
370 3423 442 3498 quie
455 3422 619 3499 purpureis
635 3423 785 3487 3311333331
798 3420 1015 3502 floribus-agri,
