2598 3812
501 213 532 256 v.
549 193 728 260 tob-oaa

227 349 368 412 Proditus
382 348 519 413 inclusae
534 347 631 411 mous
645 347 685 410 ab
700 345 870 411 orebovts

188 434 284 511 Quam
298 433 350 509 qui
364 432 447 493 dona
459 432 525 492 tulit
537 433 654 494 Nesseo
669 432 762 493 tincta
773 430 904 505 veneno,

122 525 179 584 tao
231 517 450 591 Euboicasque
463 531 521 576 suo
537 516 686 592 sanguine
696 516 784 578 tinxit
797 530 905 591 aquas.

187 602 247 663 Vel
261 601 301 661 de
315 598 475 676 praecipiti
487 597 594 660 venias
609 599 641 660 in
653 601 778 660 Tartara
792 614 880 672 saxo,

227 686 268 746 Ut
281 683 335 759 qui
349 682 537 743 Socraticum
551 683 591 743 de
601 697 678 744 nece
691 681 764 758 legit
777 696 873 759 opust

190 769 232 831 Ut
246 767 298 843 qui
311 766 449 827 Theseae
462 765 583 825 fallacia
595 767 665 826 vela
680 766 801 826 carinae

227 850 322 911 vidit.
353 855 388 910 ut
400 848 492 909 lliaca
503 848 619 909 missus
633 847 671 911 ab
686 864 758 909 arce
771 864 863 926 puer:

121 943 177 1001 tat
189 934 230 996 Ut
243 931 340 995 teneri
354 931 471 1005 nutrix,
486 931 594 991 eadem
606 938 782 1005 matertera,
796 930 925 993 Bacchi=

227 1017 269 1078 Ut
282 1016 332 1076 cui
346 1031 441 1076 causa
453 1015 538 1075 necis
554 1029 640 1075 serra
648 1021 771 1090 reperta
784 1015 855 1077 iuitz

153 1142 166 1153 „
188 1099 298 1170 inuida
312 1115 347 1159 se
361 1097 499 1173 scopulis
513 1104 547 1157 ut
560 1097 646 1173 virgo
661 1097 742 1157 misit
755 1097 793 1158 ab
808 1097 886 1172 altis,

214 1178 217 1181 ’
230 1178 356 1244 Dixerat
368 1181 462 1242 invito
478 1196 557 1256 quae
569 1182 650 1241 mala
662 1180 759 1241 verba
772 1181 842 1242 deo.

189 1266 264 1329 Feta
276 1265 329 1324 tibi
345 1270 485 1325 occurrat
497 1263 596 1339 patrio
611 1263 770 1340 popularis
785 1264 916 1339 marva,

124 1355 181 1412 500
233 1347 341 1423 Sitque
353 1346 538 1407 Phalaeceae
553 1362 648 1409 causa
660 1347 768 1407 leaena
781 1346 877 1409 necis.

188 1431 309 1508 Quique
323 1430 517 1509 Lycurgiden
531 1430 649 1503 letavit,
664 1437 694 1490 et
708 1430 817 1491 arbore
831 1438 943 1504 uatum,
1072 1503 1075 1507 ¹

229 1515 419 1590 ldmonaque
431 1514 595 1586 audacem,
609 1519 640 1574 te
655 1528 780 1590 quoque
791 1518 913 1590 rumpat
926 1528 1009 1591 aper.

187 1598 282 1674 Isque
295 1598 345 1657 vel
360 1596 508 1657 exanimis
523 1597 615 1657 iaciat
626 1596 680 1658 tibi
693 1599 818 1673 vulnus,
832 1604 865 1658 ut
878 1596 930 1672 illi,

232 1680 292 1742 Ora
305 1696 398 1757 super
411 1680 465 1740 fixi
474 1687 571 1755 'quem
585 1679 723 1741 cecidere
737 1680 812 1741 suis.
909 1722 921 1747 ,

124 1776 179 1836 aas
192 1762 266 1827 Sive
279 1764 376 1839 idom,
391 1763 481 1824 simili
494 1763 585 1839 pinus
601 1778 690 1838 quem
704 1770 800 1824 morte
814 1761 950 1839 peremit,
994 1794 1002 1819 t

232 1846 338 1927 Phryx
352 1854 382 1908 et
394 1854 522 1909 venator
532 1846 576 1907 sis
590 1846 840 1927 Berecyntiades.

189 1928 223 1993 Si
236 1937 288 1991 tua
302 1930 460 2006 contigerit
472 1930 592 1991 Minoas
606 1930 721 2008 puppis
735 1944 855 2003 arenas,

229 2013 272 2074 Te
286 2012 489 2092 Corcyraeum
503 2013 624 2075 Cressia
637 2014 726 2075 turba
739 2019 834 2089 putet.

186 2094 418 2173 Lapsuramque
433 2098 556 2160 domum
570 2096 698 2170 subeas,
712 2106 745 2159 ut
758 2096 885 2173 sanguis
898 2095 1022 2168 Aleuae,
1134 2094 1146 2131 ‘

123 2190 178 2245 510
233 2178 328 2241 Stella
339 2180 551 2257 Leoprepidae
565 2196 633 2240 cum
647 2180 702 2241 luit
714 2196 815 2257 aequa
827 2181 904 2240 viro.

185 2261 289 2338 thue
302 2265 351 2324 vel
363 2263 503 2336 Euenus,
517 2263 641 2325 torrenti
654 2261 779 2324 flumine
792 2279 911 2325 mersus

228 2346 357 2407 Nomina
371 2348 426 2407 des
439 2346 576 2422 rapidae,
590 2349 641 2406 vel
651 2346 818 2422 Tiberinus,
834 2362 943 2423 aquae.

185 2428 415 2505 Astacidaeque
427 2429 520 2490 modo
535 2430 641 2491 decisa
655 2431 806 2491 cadavere
819 2439 936 2505 manco,

230 2513 330 2589 Digna
343 2513 430 2587 ieris,
444 2511 575 2573 hominis
590 2513 631 2573 sit
644 2520 737 2589 caput
750 2529 825 2575 esca
836 2523 929 2587 tuum,

121 2598 175 2655 515
189 2595 339 2673 Quodque
354 2596 453 2657 ierunt
465 2595 597 2658 Brotean
610 2597 724 2658 iecisse
740 2597 881 2673 cupidine
895 2597 1011 2671 mortis,
1066 2628 1107 2641 -

226 2680 289 2740 Des
303 2688 356 2741 tua
370 2693 538 2740 succensae
551 2679 688 2740 membra
701 2680 864 2741 cremanda
877 2694 984 2757 pyrae.

185 2759 388 2839 Inclususque
401 2776 508 2823 necem
523 2778 619 2823 cavea
627 2763 774 2839 patiaris,
788 2767 821 2822 ut
830 2761 882 2823 ille

225 2844 293 2906 Nou
307 2847 500 2922 proiecturae
513 2845 653 2923 conditor
666 2845 820 2906 historiae.
850 2922 853 2927 Α

184 2925 288 3003 thue
300 2928 449 3005 repertori
464 2928 567 2988 nocuit
581 2928 730 3005 pugnacis
745 2926 847 3002 iambi,

119 3016 174 3072 550
229 3010 281 3073 Sic
294 3013 377 3075 sitin
392 3011 515 3073 exitium
528 3011 633 3086 lingua
644 3018 789 3087 proterva
801 3017 895 3073 tuum.

185 3094 287 3171 thue
301 3112 409 3171 parum
423 3093 524 3156 stabili
539 3094 592 3170 qui
606 3092 740 3155 carmine
751 3094 842 3157 laesit
853 3092 1000 3166 Athenas,

225 3177 346 3239 Invisus
359 3195 470 3255 parcas
484 3177 644 3239 deficiente
658 3176 736 3240 cibo.

181 3261 283 3338 thue
297 3262 383 3339 lyrae
397 3268 483 3322 vates
499 3262 592 3323 fertur
605 3259 736 3337 periisse
750 3276 887 3334 severae,

226 3344 326 3404 causa
340 3344 380 3405 sit
392 3345 475 3405 exitii
489 3345 616 3406 dextera
628 3344 715 3406 laesa
727 3346 780 3407 tui,

118 3432 172 3488 525
185 3425 288 3502 thue
300 3427 542 3502 Agamemnonio
556 3430 668 3490 vulnus
682 3428 767 3490 dedit
779 3426 888 3503 anguis
904 3423 1039 3499 Orestae,

224 3508 268 3570 Tu
284 3525 408 3584 quoque
419 3510 459 3571 de
473 3528 578 3573 morsu
592 3511 674 3574 virus
688 3511 818 3573 habente
834 3508 938 3571 cadas.
