2586 3820
519 246 566 321 V,
588 243 765 310 loo—too.
963 182 967 207 ἡ
1077 244 1148 310 ‘3⁰7

268 395 380 471 surgit
405 394 520 457 habent
532 396 643 472 gemini
656 397 777 458 vincula
790 397 872 457 nulla
885 395 991 472 pedes,

226 479 381 555 Signaque
398 481 450 539 dat
464 481 570 555 digitis¹
579 481 682 540 medio
697 497 764 541 cum
778 481 889 556 pollice
903 481 1022 558 iunctis,

268 561 411 623 Occurrat
428 562 518 624 tacito
539 579 578 623 ne
590 564 670 624 levis
683 564 789 624 5511115
803 564 872 624 sibi.

161 653 213 708 535
227 645 485 720 conquerimus
499 662 593 721 puras
611 647 735 708 15515115
752 649 862 722 perluit
875 647 983 736 unda„

267 729 415 804 Vertitur,
431 736 461 788 et
478 729 582 803 nigras
596 731 706 806 accipit
720 746 773 790 ore
788 731 885 804 labus,

222 814 424 886 aversusque
439 813 518 872 iacit.
547 813 605 872 sed
620 814 691 873 dum
704 813 789 886 iacit,
805 814 902 875 ‘Haec
916 830 974 890 ego
988 815 1082 890 mitto,

265 895 333 954 His’
347 895 442 969 inquit
456 895 585 955 ‘redimo
600 911 709 972 meque
722 911 870 972 meosque
885 898 991 959 labist’

192 1010 195 1017 ·
224 978 291 1037 Hoc
310 977 417 1037 novies
432 978 518 1053 dicit,
534 994 591 1038 uec
604 980 737 1054 respicit.
762 981 868 1040 51111115
881 990 1003 1056 putatur
1106 1014 1109 1019 =

160 1077 215 1131 440
269 1062 416 1136 Colligere
430 1067 461 1121 et
474 1061 557 1121 nullo
570 1070 655 1136 terga
668 1063 791 1123 vidente
806 1066 904 1139 sequi.

225 1147 344 1207 Rursus
359 1161 471 1220 aquam
484 1144 594 1219 tangit,
608 1145 837 1221 Temesacaque
851 1155 1017 1226 concrepat
1030 1163 1111 1224 5515,

266 1230 305 1289 Ε1
317 1236 419 1303 rogat,
433 1235 467 1289 ut
480 1229 568 1289 tectis
583 1237 673 1289 excat
686 1228 792 1288 umbra
808 1231 883 1290 suis.
1033 1246 1035 1255 ’

226 1312 300 1373 Cum
315 1313 391 1372 dixit
403 1313 511 1372 novies
526 1312 644 1372 ‘Manes
660 1313 739 1372 exite
753 1315 894 1389 paterni,’

267 1395 418 1470 Respicit,
435 1402 465 1455 et
478 1411 554 1470 pure
570 1411 659 1456 sacra
673 1402 796 1472 peracta
810 1404 904 1472 putat.

162 1487 214 1542 445
227 1479 314 1538 Dicta
329 1479 369 1538 sit
382 1478 464 1538 unde
477 1478 560 1553 dies,
577 1494 655 1554 quae
672 1479 803 1539 nominis
821 1487 905 1541 extet
919 1480 1014 1556 origo,

267 1561 317 1620 Me
331 1561 416 1636 fugit.
446 1577 486 1621 511
502 1562 603 1637 aliquo
618 1570 666 1622 est
679 1563 861 1624 invenienda
876 1566 944 1624 deo.

226 1644 329 1704 Pliade
344 1652 427 1719 nate,
442 1661 546 1717 mone,
567 1646 653 1719 virga
665 1647 839 1707 venerande
854 1649 982 1724 potenti!

269 1727 369 1804 Saepe
382 1729 435 1789 tibi
452 1728 549 1806 Stygii
562 1729 647 1802 regia
660 1728 729 1790 visa
741 1730 834 1790 lovis

172 1881 175 1888 Ι
226 1811 317 1870 Venit
327 1813 471 1872 odoratus
486 1812 648 1871 caducifer.
676 1814 793 1888 Accipe
813 1828 938 1874 causam

161 1897 214 1952 450
267 1894 413 1955 Nominis.
442 1911 482 1955 511
495 1897 565 1971 ipso
580 1901 627 1955 est
643 1896 763 1970 cognita
778 1912 871 1957 causa
885 1899 955 1957 deo.

223 1978 371 2039 Romulus
385 1984 418 2037 ut
430 1981 543 2039 tumulo
558 1979 705 2039 fraternas
720 1980 856 2041 condidit
869 1980 1001 2055 51511155,
1116 2052 1121 2059 ι

265 2061 303 2120 Et
316 2063 397 2121 111515
406 2062 509 2123 ¹veloci
523 2062 602 2121 iusta
616 2064 716 2122 soluta
730 2065 835 2138 Remo,

223 2143 386 2205 Faustulus
400 2145 505 2205 infelix
519 2154 549 2205 et
563 2146 668 2220 passis
681 2147 766 2206 Acca
780 2146 898 2222 capillis

268 2227 458 2303 Spargebant
470 2229 604 2291 lacrimis
620 2245 695 2291 ossa
710 2237 833 2305 perusta
847 2232 924 2293 suis.

39 2318 49 2323 ”
159 2310 301 2377 45551115
315 2311 438 2371 domurn
451 2313 579 2374 redeunt
594 2312 651 2373 sub
668 2314 764 2390 prima
778 2314 959 2389 crepuscula
971 2316 1087 2387 maesti.

265 2394 366 2469 thue
380 2402 459 2469 5151,
477 2396 508 2456 in
524 2397 600 2455 duro
616 2397 806 2471 procubuere
819 2404 896 2458 toro.

223 2477 337 2541 Umbra
352 2476 476 2538 eruenta
486 2479 575 2540 Remi
589 2479 657 2540 visa
671 2488 719 2540 est
732 2482 876 2542 assistere
890 2482 979 2554 lecto,

265 2563 366 2636 Atque
380 2560 457 2621 hacc
472 2563 584 2637 exiguo
599 2579 752 2624 murmure
767 2564 861 2625 verba
875 2565 974 2638 loqui:

227 2645 285 2704 ‘En
300 2659 358 2720 ego
373 2644 528 2706 dimidium
542 2648 634 2707 vestri
650 2663 785 2723 parsque
803 2649 896 2706 511515
914 2647 986 2720 voti,

161 2733 214 2790 460
270 2728 388 2788 comite
402 2729 460 2788 sim
475 2729 589 2803 qualis,
605 2732 656 2805 qui
669 2731 761 2791 modo
777 2730 875 2804 qualis
889 2737 985 2790 eram!
1065 2784 1067 2789 ,

224 2811 280 2888 oui
295 2813 403 2885 1115115,
419 2812 446 2872 si
459 2813 600 2873 volucres
614 2813 790 2874 habuissem
805 2829 899 2888 regna
912 2813 1059 2887 iubentes

264 2896 299 2956 In
312 2895 430 2973 populo
446 2894 530 2970 potui
546 2897 696 2957 maximus
711 2911 783 2957 esse
800 2912 879 2971 11155,

223 2976 307 3039 Nunc
322 2981 430 3055 elapsa
443 2978 510 3052 rogi
525 2977 655 3041 flammis
670 2985 700 3039 ct
714 2979 813 3041 inanis
828 2981 936 3056 imago,

264 3060 347 3122 Haeo
363 3070 464 3123 estex
480 3062 531 3120 1110
551 3063 649 3124 forma
660 3065 765 3124 relicta
779 3065 890 3145 Remo!

160 3153 212 3210 465
225 3142 295 3203 Heu.
304 3147 356 3205 ubi
369 3147 452 3207 Mars
468 3151 636 3221 patereste
649 3149 676 3207 si
689 3164 747 3209 vos
760 3150 852 3208 modo
870 3162 943 3208 vera
956 3147 1056 3217 locuti,

265 3227 427 3306 liberaque
440 3229 589 3304 expositis
603 3230 654 3290 ille
667 3232 763 3290 ferina
777 3233 880 3291 dedit·
920 3247 922 3253 ’

224 3307 318 3384 Quom
332 3311 568 3386 innominavit,
583 3329 691 3374 manus
707 3315 786 3374 hunc
800 3312 961 3375 temeraria
974 3313 1050 3373 civis

264 3392 405 3456 Perdidit.
434 3396 457 3458 0
474 3401 586 3472 quanto
600 3397 700 3456 mitior
712 3398 764 3458 illa
779 3399 847 3458 luit!

224 3477 324 3539 Saeve
340 3476 439 3556 Celer,
456 3479 610 3542 crudelem
625 3479 753 3542 5511115111
768 3479 1097 3600 551551551515111155,
