2602 3816
492 148 736 267 noro-‘mo
1054 194 1121 261 eut

134 352 186 408 666
201 340 361 418 sempter
373 328 509 403 et'ooeso
524 344 692 405 eommunis
706 338 868 427 tennione,
877 356 967 421 agneo,
1022 386 1028 392 -

237 426 299 485 Neo
314 426 461 507 queritur,
476 427 592 486 laetans
606 440 675 486 eum
688 427 746 488 sibi
759 442 855 502 porea
865 429 973 489 datur⁸<

135 553 142 560 .
198 509 400 583 Conveniunt,
415 510 630 585 celebrantque
644 511 742 585 dapes
755 511 867 571 vieinia
881 510 1020 588 simplex,
1126 531 1127 537 ¹

237 592 274 652 Et
287 598 408 651 eentum
421 592 543 664 audes,
557 593 695 653 Termine
709 601 829 667 saneto,
844 601 927 655 tuest

199 677 255 734 ‘Tu
270 676 402 750 popuios
414 675 570 750 urbesque
581 683 614 736 et
626 690 720 752 regna
734 671 867 752 ingentia
879 678 964 738 finis:
1022 686 1027 699 ·
1045 700 1048 711 ·

132 762 186 819 660
239 756 342 817 Omnis
356 758 492 818 eritsine
507 765 538 818 te
552 758 702 833 iitigiosus
716 774 798 834 ager.
982 780 985 789 Α

196 841 284 901 Nulla
296 841 350 900 tibi
364 841 486 900 ambitio
502 848 563 913 est,
577 843 661 901 nulio
678 843 883 918 eorrumperis
895 856 984 904 euro·
1022 862 1026 871 ·

234 924 379 999 Legitima
395 940 502 984 servas
517 925 633 984 eredita
648 940 718 984 rura
731 926 802 985 fide.

197 1008 230 1067 Si
243 1014 275 1067 tu
288 1008 447 1082 signasses
460 1008 534 1068 oiim
548 1007 731 1086 Thyreatida
744 1015 864 1084 terrum,

239 1091 374 1166 Corpora
387 1107 448 1151 non
462 1092 524 1151 teto
537 1091 633 1151 missu
644 1097 778 1150 tremata
792 1093 898 1165 iorem,

130 1186 184 1242 665
197 1174 258 1234 Nee
272 1175 350 1234 iuret
365 1174 538 1254 Otmyades
550 1175 705 1253 congestis
722 1177 817 1234 iaetus
831 1176 977 1238 inarmis

56 1264 63 1275 ’
236 1256 420 1333 Oquentum
434 1259 552 1333 patriae
563 1258 720 1333 sanguinis
733 1259 784 1316 iiie
797 1259 895 1317 dediti

198 1340 290 1416 Quid,
304 1355 387 1400 nova
399 1356 470 1402 oum
481 1342 590 1403 fierent
604 1342 773 1424 Capitolia?
799 1356 908 1416 nempe
923 1342 1054 1404 deorum

238 1425 349 1486 Cuncta
364 1425 430 1485 iovi
443 1425 540 1485 cessit
549 1425 653 1498 turba,
672 1423 834 1500 iocumque
849 1424 943 1485 dedit.

192 1506 367 1582 Terminus,
381 1515 415 1568 ut
432 1516 552 1567 veteres
568 1515 749 1582 memorant,
764 1509 904 1569 inventus
920 1510 951 1568 in
967 1506 1048 1570 aede
1083 1552 1087 1562 .

132 1598 186 1655 676
236 1591 356 1652 Restitit
369 1598 400 1651 et
412 1604 523 1666 magno
535 1606 605 1651 oum
617 1592 691 1651 Iove
703 1593 815 1669 tempta
831 1597 922 1651 tenet
1061 1639 1066 1663 ,

196 1673 281 1735 Nune
296 1691 433 1750 quoque,
449 1690 483 1735 ae
501 1688 596 1750 supra
609 1690 649 1734 ne
663 1674 735 1750 quid
750 1674 808 1734 nisi
822 1672 926 1734 sidem
939 1684 1050 1749 uernat,

236 1758 385 1833 Exiguum
398 1759 502 1834 tempii
514 1764 593 1818 teuto
608 1759 744 1818 toramen
758 1757 878 1817 hubent.

173 1856 181 1875 ⁸
195 1842 347 1915 Termine,
363 1842 435 1917 post
445 1842 521 1902 iliud
535 1842 643 1903 levitas
658 1841 714 1901 tibi
727 1842 823 1901 iibere
835 1855 897 1900 non
911 1845 973 1900 estu

237 1924 301 1998 Qua
315 1926 432 1999 positus
447 1925 541 1986 iueris
555 1927 585 1985 iu
601 1926 745 1999 amone,
759 1938 860 1998 nune,

133 2011 185 2080 676
198 2007 260 2067 Nee
273 2016 306 2069 tu
319 2009 420 2069 vieino
431 2011 601 2085 ‘quiequam
614 2009 751 2068 oonoede
764 2006 891 2081 roganti,

204 2118 210 2130 =
236 2092 280 2150 Ne
295 2091 418 2152 videare
436 2093 587 2152 homiuem
601 2093 819 2168 praeposuisse
833 2089 915 2148 lovis

194 2174 232 2234 Et
246 2190 302 2235 seu
315 2176 503 2249 vomeribus,
519 2192 574 2236 seu
588 2183 621 2237 tu
635 2176 798 2252 pulsabere
812 2173 928 2247 rastris,
1022 2188 1025 2197 ¹

238 2258 370 2317 clamato
385 2258 477 2319 ‘'i'uus
496 2266 543 2318 ost
556 2259 605 2320 iu'o
619 2274 706 2335 ager,
721 2260 771 2318 iiie
787 2261 903 2318 suust’'

194 2342 249 2402 Est
263 2341 327 2415 via,
343 2358 422 2416 quae
435 2343 583 2417 poputum
596 2343 762 2403 Laurentes
776 2342 861 2402 ducit
876 2342 907 2400 in
922 2352 1023 2414 egros,
1081 2338 1086 2345 '

128 2437 181 2492 680
233 2425 390 2499 Quondam
404 2425 559 2486 Dardanio
572 2441 667 2501 regna
680 2427 773 2501 petita
788 2426 867 2485 duci.

193 2509 248 2568 Illa
262 2508 386 2583 lanigeri
403 2510 524 2583 peeoris
537 2509 605 2582 tibi,
619 2510 772 2581 Termine,
787 2508 873 2588 fibris

233 2591 328 2653 Socra
339 2592 423 2652 videt
436 2593 502 2651 fieri
518 2601 623 2653 sextus
638 2593 677 2652 ub
691 2592 773 2653 Urbe
790 2592 880 2665 lapis.

196 2676 340 2736 Gentibus
355 2683 402 2735 est
415 2675 483 2735 eiiis
496 2677 586 2735 teitus
601 2676 673 2736 date
684 2676 778 2737 limite
792 2679 890 2731 eertoa

201 2794 205 2801 ·
233 2759 389 2821 Romanae
402 2758 534 2834 spatium
547 2766 594 2818 est
607 2759 697 2819 Urbis
712 2766 742 2817 et
756 2754 837 2815 orbis
851 2754 943 2813 idem.

431 2882 503 2955 124.
533 2890 769 2953 esserra
812 2868 816 2875 ’

132 3013 184 3072 686
197 3004 281 3068 Nune
295 3010 366 3070 mihi
380 3009 511 3073 uiuendo
524 3015 572 3069 est
584 3008 666 3084 regis
681 3008 762 3084 iuga.
788 3010 879 3070 transit
893 3010 931 3070 ab
948 3009 1000 3068 iiio

236 3088 345 3154 Sextus
359 3094 398 3153 ab
412 3101 548 3154 extremo
563 3092 688 3152 nomina
699 3108 806 3152 mense
820 3093 898 3154 dies.
949 3089 950 3093 ’

194 3172 303 3234 Ultima
315 3175 494 3252 Tarquinius
509 3174 673 3237 Romanae
682 3177 779 3250 gentis
793 3176 932 3236 habebut·

232 3257 351 3331 Regna,
365 3262 413 3320 vir
424 3262 571 3332 iniustus,
587 3258 673 3319 iortis
687 3259 728 3319 ad
741 3275 825 3320 arma
838 3267 947 3321 tumen.

196 3340 324 3416 Ceperat
337 3340 386 3400 hie
400 3345 491 3419 alias,
506 3343 583 3404 eiius
596 3348 746 3403 everterat
758 3344 862 3410 arbes.

131 3431 184 3486 690
237 3424 273 3484 Et
287 3424 400 3485 Gabios
414 3428 493 3503 turpi
507 3428 620 3509 iecerat
633 3432 699 3487 arte
713 3442 798 3489 suos.
