2582 3810
518 190 556 271 H,
579 189 755 258 188-208.

248 345 375 408 uarum
387 358 473 407 nune*
481 347 630 423 pmebent
638 345 830 422 numenque
841 358 926 405 eme
938 348 1060 421 neum,

211 431 298 492 Nune
313 430 387 506 petit
399 431 561 490 Amnenius
575 444 692 506 peeem,
713 444 794 489 mnne
808 429 935 505 porrigit
947 444 1038 492 urees
1105 476 1110 483 .

254 512 382 574 Parthus
396 528 493 588 eques
506 514 611 574 timide
624 520 775 588 ruptaque
787 513 877 587 signe
889 528 990 588 manu,

211 596 299 659 iiun'e
312 604 343 657 te
357 597 444 673 prole
457 603 511 658 tue
523 598 664 656 iuvenem
677 596 840 682 §emturum
851 596 950 667 sentit,
1043 642 1048 651 .

148 689 205 745 230
254 680 401 757 Bellaque
415 696 470 756 pro
485 695 595 755 mugire
610 680 746 740 Gueeere
756 680 868 740 Geeser
881 679 952 754 egit

212 764 352 839 Denique
365 770 399 823 ut
412 764 443 823 in
456 769 550 836 tante,
572 771 715 839 quuntum
731 779 795 823 non
807 763 904 824 extitit
916 776 1069 838 umquem,

250 847 387 924 corpere
400 863 474 923 pars
487 848 569 907 nulle
583 853 639 918 est,
660 861 739 922 qune
752 847 843 920 lebet,
864 845 991 922 imperii,
1085 898 1089 903 .
1104 898 1108 903 .

212 930 293 991 Urbs
309 945 434 1006 queque
447 937 478 990 te
492 937 523 990 et
535 931 635 1005 legum
649 930 745 990 lasset
758 932 851 991 tuteie
863 936 983 990 tuerum

248 1013 288 1073 Et
299 1029 425 1087 morum,
448 1013 564 1073 similes
579 1029 657 1089 ques
673 1013 761 1089 eupis
775 1026 848 1073 esse
858 1013 931 1074 tuis.

151 1096 345 1162 esttecum
360 1098 544 1175 contingunt,
568 1096 800 1172 quaesentibus
815 1095 877 1157 otiu
889 1102 1046 1173 preestuex

252 1180 400 1255 Bellaque
414 1196 482 1241 eum
496 1180 597 1240 multis
611 1180 780 1255 inrequieta
793 1179 886 1255 geris.

208 1263 302 1324 Mirer
314 1265 345 1323 in
360 1263 419 1323 hoe
432 1264 523 1338 igitur
533 1271 683 1323 tenturum
697 1265 834 1339 pondere
846 1279 962 1325 rerum·
1086 1272 1090 1279 “

252 1348 424 1423 Numquam
439 1353 605 1408 terestres
620 1347 775 1407 evoluisse
788 1348 898 1409 iocos!

209 1431 250 1491 At
263 1430 300 1506 si,
323 1430 407 1506 quod
420 1430 550 1504 maliem,
570 1445 687 1489 veeuue
701 1428 833 1491 fortusse
846 1431 969 1503 iuiesee,

149 1521 203 1577 ²40
252 1514 371 1574 Nuiium
386 1514 516 1588 legisses
531 1513 644 1573 crimen
658 1514 690 1572 in
703 1514 778 1574 Arte
791 1529 869 1573 mee.

211 1597 267 1658 liin
282 1598 404 1673 quidem
419 1599 516 1657 ieteor
530 1596 637 1656 inentis
651 1612 714 1656 neu
728 1611 800 1657 esse
813 1610 942 1658 severae

254 1679 383 1756 Scripta,
405 1696 462 1741 nee
478 1687 593 1740 utente
608 1680 746 1755 principe
761 1679 853 1754 digne
868 1681 944 1755 legis
1059 1702 1063 1715 ·

210 1763 277 1825 Non
291 1771 392 1824 tumen
406 1764 521 1824 ideireo
536 1765 635 1839 legum
650 1762 801 1822 centraria
814 1761 909 1822 iussis

253 1847 329 1908 Sunt
342 1862 379 1906 eu
393 1847 547 1908 Romanus
563 1846 764 1919 erudiuntque
777 1860 881 1906 nurus.
991 1848 995 1853 “

151 1935 204 1993 245
215 1929 299 1991 Neve
314 1931 425 2005 quibus
440 1930 572 1992 seribum
586 1930 689 2006 pessis
705 1929 852 2003 dubitare,
869 1927 989 1989 iiteius

252 2013 398 2088 Quattuor
410 2015 470 2075 hes
483 2030 591 2075 versus
607 2030 625 2074 e
638 2013 735 2073 tribus
750 2029 830 2074 unus
845 2012 952 2073 hebete
1001 2058 1008 2074 A.

214 2097 301 2158 ⁸Este
314 2098 429 2173 preeui,
450 2099 544 2158 uittae
557 2103 673 2172 tenues,
692 2097 813 2172 insigne
827 2097 964 2181 pudoris,
985 2127 989 2133 ·

254 2181 400 2256 Quaeque
413 2182 491 2257 tegis
506 2182 625 2243 medies
643 2182 746 2241 instite
759 2183 851 2256 iunge
864 2182 976 2257 pedes!

214 2264 262 2325 uu
275 2265 334 2325 nisi
346 2265 512 2340 legitimum
525 2278 738 2340 eeneesseque
750 2265 830 2325 sinu
844 2278 997 2337 eenemue,

151 2355 207 2413 250
253 2347 348 2423 Inque
363 2364 432 2410 mee
445 2350 560 2410 nullum
575 2348 707 2408 carmine
723 2349 834 2408 crimen
848 2348 926 2408 erit’

213 2420 332 2506 Ecquid
347 2432 385 2493 eb
399 2433 457 2493 ime
471 2433 688 2508 emnesrigide
703 2432 920 2493 summovimus
933 2430 1017 2504 Arte,

256 2515 338 2590 Ques
353 2519 431 2577 stela
445 2515 577 2590 contingi
593 2517 729 2590 vittaque
744 2521 865 2590 sumptu
876 2518 981 2575 vetuti
1057 2548 1064 2565 ·

211 2599 252 2659 At
265 2606 402 2660 metrone
416 2606 518 2674 potest
530 2599 638 2658 alienis
651 2599 765 2660 entibus
779 2599 831 2672 uti,
889 2632 892 2637 ι
940 2634 943 2641 ·

256 2681 407 2758 Quodque
420 2682 526 2755 trehet,
550 2682 688 2758 quemvis
702 2697 764 2741 nun
779 2680 934 2754 durentur,
955 2680 1056 2743 hebet.

149 2772 203 2828 ²5⁵
214 2764 261 2826 Nil
276 2766 365 2840 igitur
378 2772 515 2826 metrone
528 2767 616 2840 leget,
636 2764 854 2838 quieuermine
868 2762 907 2822 eb
924 2764 1006 2824 omui

251 2849 301 2909 Ad
316 2849 553 2924 delinquendum
567 2849 686 2910 dectior
699 2862 770 2907 esse
784 2854 894 2922 petest.

213 2931 432 3007 Quodcumque
446 2934 583 3008 attigerit,
604 2934 693 3009 sique
707 2937 754 2994 est
766 2931 907 2996 sudium
920 2928 1042 3009 sturni,
1102 2944 1105 2951 '

250 3016 301 3075 Ad
317 3017 419 3077 vitium
431 3030 536 3076 mores
549 3018 675 3078 instruet
688 3017 759 3078 iude
774 3034 859 3079 sues.
907 3064 910 3073 ,

214 3097 384 3174 Sumpserit
397 3101 563 3175 Anneius..
577 3101 651 3161 nihii
664 3108 712 3160 est
725 3100 869 3163 hirsutius
884 3101 974 3162 iliis...

150 3188 204 3244 26⁰
253 3181 346 3243 Feetu
359 3185 399 3244 sit
411 3184 494 3243 unde
508 3200 619 3258 parens
633 3185 701 3258 iiia,
723 3200 833 3261 nempe
846 3187 935 3261 leget.

207 3263 391 3342 sumpserit,
411 3268 590 3327 Aeneadum
603 3268 733 3342 genitrix
745 3266 798 3328 ubi
812 3268 917 3344 prime,
937 3263 1081 3342 requiret,

250 3345 429 3411 A'eneedum
442 3350 571 3425 genitrix
586 3352 667 3410 uude
682 3351 721 3410 sit
736 3352 815 3410 eima
828 3352 944 3410 Venus.
1056 3364 1060 3379 ’

163 3463 200 3477 ··
212 3430 385 3511 Persequar
396 3433 532 3520 inurius,
553 3433 647 3494 ruodo
660 3434 688 3495 ei
702 3435 771 3494 lieet
784 3433 890 3493 ordine
903 3431 983 3507 teni,
