2602 3816
169 183 234 250 nm
537 151 793 248 russonum

254 336 335 399 Vina
349 335 443 398 dabui
452 335 553 398 Liber.
583 338 692 399 tulerat
705 328 764 397 sibi
778 333 913 412 'quisque
930 340 1091 400 oorbnemr

293 420 469 482 Miscendos
482 422 566 498 lorge
581 421 666 481 rivus
681 419 791 495 agebat
804 436 911 495 aquus.

183 512 235 566 000
248 503 363 565 Naides
377 504 578 565 eiiusisallae
592 505 658 563 sine
672 502 800 579 pectinis
809 518 885 578 usu,
902 548 905 553 -
964 566 967 575 ,

291 588 365 648 Pars
381 589 507 649 aderant
519 587 628 663 positis
643 594 708 646 arto
720 602 874 662 manuque
889 587 995 647 oomis.

251 672 307 732 Illa
321 687 414 747 super
429 671 518 732 suras
532 670 670 731 'tunicam
685 671 814 729 collecta
834 670 989 746 ministrat,

292 756 397 816 Altera
411 755 529 813 dissuto
546 761 652 829 peetus
666 760 770 829 aperta
785 754 864 812 sinu.

250 839 355 900 Exerit
368 838 446 896 haee
459 837 630 911 humerum,
651 843 768 896 uestem
781 836 871 895 truhb
883 836 934 894 illo
949 853 1005 913 per
1018 834 1143 914 herbas,

183 937 235 991 410
288 921 459 997 Impediunt
471 927 593 981 teneros
613 920 734 980 vincula
748 919 830 980 nulla
844 921 951 995 pedes.
1046 972 1050 977 .

145 1056 148 1071 ,
251 1006 328 1066 Hine
342 1004 420 1063 oliae
434 1005 548 1100 satyris
560 1003 702 1064 incendia
714 1003 796 1064 mitia
810 1002 966 1079 praebent,

292 1087 367 1146 Pars
380 1086 449 1163 tibi,
466 1088 517 1184 qui
532 1088 606 1183 pinu
619 1094 851 1182 temporaneae
864 1088 956 1160 geris

292 1254 433 1329 Nequitia
447 1261 508 1327 est,
533 1269 614 1331 quae
628 1261 658 1314 te
670 1271 733 1317 non
748 1253 821 1321 sinit
834 1269 905 1314 esse
918 1248 1047 1313 senem·

183 1345 234 1400 415
248 1338 289 1398 nt
301 1337 408 1412 ruber,
422 1338 578 1398 hortorum
594 1338 688 1398 denos
703 1345 732 1398 et
745 1337 860 1411 tutela,
873 1337 1058 1413 Priapus

293 1419 438 1481 Omnibus
454 1437 492 1480 ex
507 1422 566 1481 illis
581 1422 688 1482 Lotide
702 1430 809 1497 eaptus
825 1427 897 1481 orat
940 1478 946 1485 .

250 1505 336 1565 Hanc
350 1505 447 1580 eupit,
462 1505 541 1565 hano
555 1512 653 1580 optut,
675 1506 773 1566 solam
788 1504 962 1580 suspiratio
979 1504 1069 1580 illam,

293 1587 447 1664 Signaque
462 1588 515 1648 dat
527 1596 616 1664 nutu,
638 1590 840 1664 sollicitatque
858 1589 949 1649 notis.

250 1672 368 1739 Festus
377 1674 458 1732 inest
471 1673 621 1748 pulchris,
642 1674 840 1748 sequiturque
853 1671 997 1748 superbia
1012 1672 1156 1733 formam.

181 1765 236 1821 400
290 1756 413 1817 irrisum
426 1757 511 1816 voltu
526 1756 656 1832 despicit
667 1757 719 1815 illu
733 1772 801 1817 suo.

251 1840 318 1902 Nox
333 1847 413 1912 erat,
430 1847 460 1899 et
472 1840 543 1900 vino
560 1855 698 1901 somnum
712 1840 841 1899 iaciente
854 1837 993 1900 iacebant

295 1924 429 1999 Corpora
444 1923 576 1983 diversis
589 1923 669 1983 victa
684 1938 797 2019 sopore
811 1924 897 1983 loeis

251 2007 358 2067 Lotis
351 2024 382 2066 nr
397 2006 542 2068 herbosa
546 2006 603 2067 sub
617 2006 736 2066 uternis
752 2006 871 2066 ultima
877 1994 978 2081 ramis,

295 2090 380 2150 Siout
394 2097 459 2149 erat
472 2092 541 2150 lusu
556 2092 653 2164 lessa,
677 2090 789 2177 quievit
798 2088 904 2151 humo.

95 2166 103 2183 ’
182 2186 234 2240 400
249 2173 351 2247 Surgit
361 2188 482 2245 amans,
502 2172 692 2248 animamque
705 2170 812 2236 tenens
825 2175 954 2249 vestigia
968 2174 1067 2235 furtim

294 2255 453 2331 Suspenso
467 2256 569 2330 digitis
585 2258 642 2316 lert
656 2257 802 2316 taciturna
820 2258 926 2332 gradu

251 2339 290 2400 Ut
303 2340 399 2415 tetigit
416 2340 524 2399 niveae
538 2347 657 2400 secreta
671 2340 780 2400 rubilia
794 2342 957 2420 nymphae,

293 2424 365 2499 ipsa
379 2422 427 2482 sui
442 2422 534 2483 flatus
548 2440 587 2483 00
601 2432 690 2484 sonet
704 2439 785 2496 aura,
809 2432 906 2485 oavet.

250 2505 288 2567 Et
301 2507 360 2566 iam
374 2506 500 2566 finitima
513 2521 626 2582 eorpus
640 2506 770 2569 librabat
783 2506 818 2566 in‘
827 2508 937 2569 herbar

182 2598 235 2655 430
253 2624 257 2629 ·
288 2586 342 2650 Illa
359 2596 460 2651 tamen
475 2589 560 2652 multi
574 2593 665 2668 plena
678 2590 801 2666 soporis
816 2599 890 2651 erat

251 2673 384 2746 Gaudet,
408 2680 453 2748 et,
474 2689 492 2732 a
507 2674 638 2749 pedibus
653 2678 750 2735 nauto
764 2675 928 2750 velamine,
949 2681 1022 2736 voto

291 2756 340 2816 Ad
356 2772 412 2816 sua
433 2758 513 2817 lelici
527 2766 672 2833 coeperat
684 2759 728 2819 ire
741 2758 800 2819 via'.
876 2782 879 2791 ’
946 2810 949 2822 .

249 2839 330 2899 Εο00
344 2840 460 2900 rudens
478 2856 571 2902 rauco
587 2840 681 2902 Sileni
690 2840 800 2904 ,vertor
813 2844 927 2903 asellus

291 2923 524 3001 intempestivos
545 2925 640 2985 edidit
653 2941 706 2987 ore
720 2942 825 2987 sonos,

178 3011 230 3068 435
243 3006 358 3066 Tanta
372 3009 527 3084 consurgit
537 3010 688 3087 nympha,
711 3010 911 3084 manibusque
931 3007 1072 3086 Priapum

160 3156 164 3165 ,
290 3090 401 3163 Reicit,
422 3099 452 3150 et
465 3093 584 3167 lugiens
604 3095 735 3154 eoncitat
748 3108 837 3154 omne
848 3108 967 3152 nemus

247 3173 289 3232 At
304 3174 397 3248 deus,
418 3175 554 3236 obscena
568 3176 691 3235 nimium
706 3191 828 3273 quqque
842 3183 927 3253 purte
941 3183 1074 3264 paratus,

291 3253 445 3317 Omnibus
450 3260 490 3318 ad
507 3260 597 3319 lunae
614 3260 727 3319 lumina
740 3257 820 3325 risu's
830 3266 910 3320 (0.000
968 3322 971 3327 ,

248 3337 345 3398 Morte
359 3336 443 3400 dedit
455 3356 572 3415 poenas
587 3340 693 3402 auctor
707 3342 857 3402 clamoris
882 3346 913 3405 et
931 3342 1009 3404 baeo'
1022 3350 1070 3403 est

178 3422 232 3479 000
285 3420 531 3499 Hellespontiaco
552 3410 674 3486 viotlirra
686 3431 772 3501 grata
785 3424 856 3487 deo.
1041 3438 1044 3447 “
