2602 3816
190 203 257 271 ace
569 200 822 283 aaaronuu

164 325 174 359 ⁸
213 367 266 421 tta
279 356 436 419 Presserat
452 371 508 418 ora
520 355 610 419 deus
635 356 719 419 lunc
732 355 849 432 siceqo
864 355 1106 433 uostrarerolvi,

316 441 404 501 Voce
417 455 486 501 meu
500 454 594 502 voces
608 440 746 501 eliciente
761 439 827 501 deis

274 525 361 586 ‘Cum
374 531 419 587 tot
434 524 494 585 siut
506 522 586 597 lani,
601 539 655 595 our
673 531 738 585 stas
752 530 890 585 sacratus
903 523 935 583 io
952 539 1025 597 uno,

195 660 199 669 ,
316 607 375 671 Hie
386 608 438 670 ubi
456 607 558 668 iuncta
571 608 645 668 loris
658 608 772 684 templa
784 605 905 679 duobus
922 594 1053 667 habest’

274 691 328 755 llle
348 707 441 753 manu
451 692 590 753 mdcens
604 706 775 767 propexam
786 691 826 763 ud
840 697 965 765 pectora
976 687 1111 765 barban,

211 789 265 847 teo
317 774 459 836 Protinus
474 772 590 834 Oebalii
604 775 719 835 rettulit
730 789 817 834 arma
828 773 903 847 Tati,

278 858 378 935 thue
391 857 468 918 levls
483 863 603 931 cuatus,
618 858 742 918 armillis
755 863 861 934 cepta,
877 855 1009 919 Sabinos

318 941 368 1002 Ad
383 956 518 1009 summae
531 941 641 1003 tacitos
658 942 778 1003 duxerit
790 941 871 1001 arcis
886 941 949 1001 iter.

275 1026 376 1097 ‘luda
391 1024 476 1084 velut
487 1039 567 1085 nunc
580 1031 642 1099 est,
658 1040 720 1101 per
732 1040 824 1099 quem
838 1021 1051 1098 uesoeudtttq’
1065 1024 1169 1101 inquit

121 1146 124 1153 ·
199 1127 203 1137 ⁴
316 1107 452 1169 ‘Arduus
467 1108 498 1168 iu
511 1108 607 1169 vallos
621 1123 678 1184 per
690 1109 757 1170 lura
770 1108 866 1169 olivus
882 1113 957 1169 erat

211 1203 264 1259 265
276 1192 314 1253 Et
326 1191 387 1252 iam
401 1191 567 1267 contigerat
579 1200 713 1269 portam,
729 1190 872 1253 Saturnia
882 1191 970 1253 euius

314 1276 496 1350 Dempserat
510 1276 669 1353 oppositas
683 1274 835 1338 insidiosa
852 1289 951 1336 seras.

275 1358 350 1422 (lum
365 1366 448 1421 tanto
462 1360 576 1420 veritus
591 1359 777 1421 committere
784 1358 912 1419 uuuuue
925 1372 1069 1434 pugnam,

166 1502 171 1515 ,
315 1443 388 1518 lpse
401 1442 582 1503 meaemovi
596 1442 726 1504 callidus
741 1443 814 1504 artis
829 1457 918 1518 opus,

276 1525 413 1604 Oraque,
428 1542 490 1603 qun
507 1525 609 1602 pollen
642 1542 704 1602 ope
717 1542 800 1601 sum,
815 1525 940 1587 loomna
952 1524 1073 1599 reclusi,
1120 1527 1124 1534 '

211 1619 264 1676 2⁷0
319 1607 454 1684 Sumque
468 1542 642 1684 reponenda
656 1608 825 1672 eiaculatus
839 1625 948 1687 aquas.

147 1734 151 1740 -
273 1695 353 1755 Auta
365 1701 465 1755 tamen
478 1691 609 1755 madidis
623 1693 740 1754 subieci
754 1692 902 1770 sulphura
914 1692 1013 1767 venis,

314 1777 473 1837 clauderet
484 1782 519 1839 ut
531 1777 616 1837 latio
631 1777 767 1839 tavidus
781 1777 891 1838 humor
903 1777 968 1839 iter.

274 1858 366 1925 Cuius
379 1868 412 1923 ut
424 1857 538 1921 utilitas
553 1860 651 1936 pulsis
665 1867 812 1937 percepta
824 1859 955 1934 Sabinis,

315 1942 397 2020 Quae
411 1945 524 2017 iuerat,
538 1949 602 2005 tute
616 1944 736 2005 reddita
752 1944 852 2005 torma
863 1940 934 2004 loco
949 1951 1007 2009 est

211 2034 263 2091 275
277 2030 340 2088 Ara
355 2027 428 2088 mihi
442 2027 543 2102 posita
556 2033 604 2088 cst
617 2043 713 2102 parvo
728 2028 890 2089 coniuncta
903 2029 1035 2089 sacello:

313 2110 396 2171 Haeo
415 2110 518 2172 adolet
532 2109 662 2171 flammis
680 2127 750 2173 curu
764 2118 847 2173 strue
860 2111 943 2171 tarra
956 2111 1044 2173 suis-³

273 2196 326 2255 ‘At
338 2209 393 2255 our
405 2208 482 2269 pace
497 2195 591 2267 lates,
611 2195 763 2270 motisque
781 2194 950 2256 recluderis
968 2195 1093 2256 mmist’

312 2276 375 2338 Nec
388 2291 488 2349 mora,
502 2278 634 2353 quaesiti
650 2276 770 2340 reddita
783 2293 879 2340 eausa
894 2278 968 2339 milri
981 2285 1047 2349 est.¹

273 2359 325 2421 ‘Ut
338 2359 454 2437 populo
468 2359 583 2422 reditus
598 2368 721 2438 pateant
733 2362 774 2422 ad
787 2361 869 2422 bella
881 2363 1029 2438 proiecto,

209 2445 262 2503 280
314 2443 388 2504 Tota
403 2448 487 2520 patet
500 2443 623 2520 dempta
638 2445 731 2507 ianua
748 2452 854 2506 nostra
868 2461 947 2507 sera

179 2532 182 2538 '
272 2528 350 2590 Pace
363 2528 447 2590 iores
461 2525 559 2601 abdo,
577 2544 617 2590 ne
631 2545 692 2604 qua
707 2529 868 2591 discedere
882 2528 995 2605 possit:

311 2611 524 2686 Caesareoque
540 2611 593 2672 diu
611 2611 733 2674 nomine
747 2612 851 2675 clusus
866 2617 941 2673 ero’

151 2699 155 2706 ’
272 2695 368 2771 Dixit,
387 2701 418 2756 et
435 2695 576 2757 attollens
594 2696 701 2757 ocurios
716 2696 841 2757 diversa
854 2702 984 2768 urentes,
1059 2694 1063 2702 ’
1169 2706 1182 2727 ·

262 2852 266 2859 .
312 2779 443 2854 Aspexit
457 2785 521 2840 toto
539 2778 686 2855 quicquid
699 2780 731 2839 io
745 2779 820 2849 orbe
835 2779 898 2841 luit.

209 2872 262 2928 aaa
274 2859 338 2933 Pax
353 2868 427 2921 erat
454 2868 486 2922 et
501 2864 612 2936 vestri,
630 2863 823 2936 Germanica
837 2878 934 2924 eausa
947 2858 1099 2937 triumphi,

310 2942 486 3007 Tradiderat
500 2946 630 3008 famulas
644 2947 705 3007 iam
716 2946 770 3008 tibi
784 2947 910 3008 Rhenus
929 2959 1037 3021 aquas.

273 3026 359 3098 lane,
374 3027 443 3088 face
456 3035 599 3090 aeternos
613 3045 722 3106 pacem
733 3030 883 3106 pacisque
896 3027 1061 3103 ministros,
1122 3024 1126 3031 '

311 3110 394 3170 Neve
409 3126 511 3185 suum,
525 3120 663 3188 praesta,
678 3114 801 3175 deserat
814 3120 920 3174 auctor
933 3127 1023 3188 opus.
1047 3146 1050 3151 >

274 3193 362 3268 Quod
375 3200 475 3255 tamen
490 3211 530 3255 ex
543 3196 621 3271 ipsis
637 3198 719 3258 licuit
735 3196 807 3257 mihi
822 3194 944 3255 discere
957 3196 1057 3268 lastis,
1102 3256 1105 3262 ,

209 3282 262 3338 ²90
317 3275 484 3338 Sacravere
499 3285 601 3361 patres
621 3280 680 3340 hac
693 3281 755 3340 duo
770 3278 884 3353 tempta
898 3279 960 3341 die.

269 3360 532 3438 Accepit-Phoebo
549 3363 749 3441 nymphaque
762 3361 913 3422 Coronide
927 3367 1029 3424 uatum

315 3443 431 3518 insula,
452 3444 576 3506 dividua
592 3462 684 3520 quam
697 3445 805 3522 premit
823 3446 920 3506 amuis
941 3461 1029 3520 aqua.
1115 3518 1117 3525 Α
