2582 3810
169 173 212 241 48
557 172 782 237 telettum

248 326 311 387 Nee
324 326 500 400 breve,'nee
514 330 618 399 tutam,
632 339 694 399 mre
706 324 768 387 sint
780 340 857 399 mee,
872 324 983 398 dicere,
998 336 1075 386 enen

9 464 10 471 ,
130 482 138 488 ,
272 411 416 473 ,Lumina
429 409 540 468 funesti
556 406 681 469 eonseia
693 408 774 469 iaetu
787 408 873 468 maiir

249 492 398 566 Mensque
412 492 597 563 reformidet
613 491 705 551 veluti
719 508 778 551 sue
789 492 925 564 vulnera,
938 497 1060 566 tempus

202 586 238 642 30
290 575 375 649 liiud,
390 582 421 634 et
432 575 590 637 admonitu
603 575 750 635 dtnevus
765 574 834 651 ipse
850 575 952 634 daiam
989 626 991 633 s

252 658 290 718 Et
304 674 515 734 quaecumque
528 658 611 718 eden-
622 665 753 732 pessunt
765 658 876 719 efferre
889 657 1049 733 pudorem,
1073 680 1074 683 ¹

293 743 347 802 ilia
360 743 420 815 tegi
436 756 529 801 eaeen
539 741 664 802 eondita
676 748 766 802 nnete
781 742 879 801 deeet.

252 825 298 885 Nil
313 825 401 899 igitur
414 826 552 899 reserum,
568 822 627 884 nisi
641 838 690 882 me
703 838 863 899 peccasse,
872 823 935 884 sed
948 824 999 884 iiie
1038 848 1043 855 ·

292 907 429 971 Praemia
444 914 571 982 peecata
584 908 668 966 nulia
681 908 776 981 petita
790 907 886 980 mihis

202 997 237 1050 35
251 990 470 1066 stultitiamque
487 1006 588 1050 meum
603 991 716 1049 crimen
731 990 843 1050 debere
858 990 970 1064 veeeri,
1027 1028 1030 1035 -

290 1075 418 1134 Nomine
431 1074 459 1135 si
473 1074 553 1134 iaetu
567 1073 698 1133 reddere
711 1088 786 1134 vere
799 1074 888 1133 veiis.

31 1230 77 1282 a
93 1210 220 1279 a·
251 1156 1054 1327 deindidemiimiiiiiiiiiiit

191 1372 231 1464 7·
249 1369 342 1467 Vade
351 1410 522 1481 salutatum,
539 1409 641 1471 subite
656 1404 804 1485 permuta,
817 1407 965 1483 Periliem,

284 1491 403 1564 Littera,
419 1494 569 1554 sermonis
584 1492 646 1554 iida
660 1493 796 1552 ministre
809 1493 883 1552 meit
961 1507 964 1512 ²

246 1576 308 1635 Aut
322 1575 402 1635 iiiam
415 1575 553 1637 invenies
567 1575 649 1637 duiei
663 1590 732 1636 eum
743 1585 842 1636 matre
856 1576 1023 1646 sedentem,

292 1661 354 1718 Aut
366 1659 445 1720 inter
456 1660 551 1721 libres
565 1660 763 1734 Pieridasque
777 1674 861 1720 suas.

217 1751 234 1804 ⁵
249 1741 399 1817 Quidquid
411 1744 575 1818 agennum
588 1751 618 1804 te
633 1744 738 1804 scierit
748 1743 883 1816 venisse,
895 1741 1055 1815 relinquet,

293 1826 355 1885 Nee
370 1842 463 1899 meru,
478 1828 552 1902 quid
565 1827 673 1886 venias
686 1827 806 1901 quidve,
820 1825 962 1901 requiret,
976 1839 1075 1899 agam.

252 1909 365 1967 Vivere
379 1925 428 1969 me
442 1910 535 1984 diees,
551 1911 607 1970 sed
622 1909 675 1981 eie,
692 1916 726 1968 ut
737 1908 841 1971 vivere
855 1907 956 1980 neiim,

293 1992 355 2051 Nee
369 1993 447 2052 maie
460 2001 520 2054 tam
534 1993 626 2067 ionga
639 2000 744 2053 nestra
757 1993 857 2051 levata
867 2006 968 2071 meree

252 2073 290 2134 Et
302 2081 400 2134 tamen
416 2075 456 2135 ed
469 2076 585 2150 Musas,
599 2075 741 2150 quamvis
754 2089 895 2147 necuere,
910 2072 1029 2146 reverti,

139 2222 143 2229 ἢ
204 2163 238 2216 10
288 2158 430 2233 Aptaque
445 2159 624 2220 inuitemus
639 2173 750 2232 engere
764 2158 858 2217 verba
871 2156 978 2232 pedes.
992 2194 1000 2201 -

248 2241 292 2300 Tu
307 2257 439 2316 quaque,
453 2242 513 2315 die,
527 2242 637 2302 studiis
651 2240 862 2302 communibus
877 2241 989 2314 enquid
1002 2240 1153 2312 inhaeres,

290 2324 448 2400 Dentaque
460 2340 525 2385 non
537 2325 635 2399 panio
649 2326 784 2385 earmina
798 2340 883 2384 mare
895 2324 1003 2384 eeuist

248 2406 323 2467 Nam
337 2408 390 2466 tibi
401 2423 470 2471 eum
484 2408 670 2469 fatismnres
685 2416 795 2469 nutura
807 2408 937 2482 pudieus

288 2490 327 2550 nt
338 2505 424 2552 aeres
439 2492 534 2552 detes?
543 2491 759 2568 ingeniumque
773 2491 867 2552 dedit

137 2628 139 2631 .
204 2580 236 2632 15
250 2573 315 2634 Hee
330 2589 387 2649 ego
402 2575 568 2649 Pegasides
583 2575 696 2635 deduxi
709 2576 825 2650 primus
839 2574 879 2634 ad
893 2572 1002 2646 undns,
1042 2584 1046 2601 ¹

195 2686 238 2697 -
290 2657 334 2718 Ne
347 2660 426 2717 maie
440 2660 590 2719 ieeundee
603 2674 683 2718 vena
696 2660 810 2733 periret
823 2672 933 2732 equae.
1023 2668 1028 2677 ’

196 2774 237 2786 -
249 2739 366 2800 Primus
380 2742 412 2801 id
426 2742 533 2817 aspexi
548 2742 660 2802 teneris
674 2742 704 2801 in
719 2741 844 2815 virginis
859 2739 957 2812 annis,

136 2887 138 2892 ,
289 2824 390 2898 thue
404 2832 491 2900 pater
504 2832 594 2886 natue
608 2826 735 2900 duxque
749 2838 915 2899 eemesque
930 2824 981 2882 ini.

249 2906 329 2981 ingo
344 2907 371 2967 si
385 2917 541 2970 remanent
554 2911 644 2984 ignes
654 2908 709 2968 tibi
723 2908 857 2984 pesteris
871 2907 960 2977 idem,

202 2998 238 3052 20
286 2990 360 3050 Seia
375 2997 456 3051 tuum
470 3000 557 3053 vetes
570 2991 682 3063 Lesbia
695 2993 797 3052 vincet
809 3006 900 3066 epus.

250 3072 313 3135 Sed
327 3089 445 3148 verear,
459 3090 499 3136 ne
513 3084 544 3136 te
557 3091 627 3136 meu
640 3091 722 3137 nune
736 3078 858 3136 fortuna
869 3070 1010 3146 retardet,

288 3157 424 3232 Postque
437 3173 523 3218 mens
539 3160 685 3219 eesuseit
698 3159 750 3218 tibi
767 3165 874 3231 peetus
888 3156 981 3215 iners.

249 3239 327 3301 Dum
340 3240 432 3314 licuit,
445 3247 499 3302 tua
512 3256 607 3317 saepe
619 3241 702 3314 mihi,
716 3241 770 3301 tibi
784 3247 890 3300 nostra
902 3237 1056 3313 legebamz

293 3321 393 3404 Saepe
405 3325 448 3385 tui
460 3310 564 3398 index,
579 3324 836 3399 saepemagisner.
846 3338 946 3381 mama

202 3413 237 3467 te
250 3405 313 3467 Aut
326 3422 383 3482 ege
398 3408 581 3485 praebebam
595 3407 683 3470 iaetie
698 3407 790 3468 medo
804 3404 946 3466 versibus
961 3417 1061 3479 aures,
