2598 3812
495 205 524 281 1,
544 203 580 280 ὓ,
602 202 759 267 sti—101.
1076 201 1136 267 117

257 359 399 436 Spesque
412 357 490 419 levis
504 372 615 432 magno
629 357 712 416 vieta
724 355 833 418 tinore
847 355 937 417 eadit

165 454 201 507 65
214 445 276 505 Nee
291 451 392 504 tamen
406 442 533 505 ulterius
549 442 713 515 quicquam
728 452 860 515 sperove
875 453 1033 515 preserve,

212 550 218 561 ¹
256 527 351 602 Quam
364 524 444 586 rurale
458 532 571 585 mutato
587 539 682 599 posse
692 539 798 583 carere
810 525 891 584 loeo.

212 610 275 673 Aut
290 611 364 684 hoe,
383 616 434 670 aut
445 609 520 668 nihil
534 605 672 683 'est‚‘pro
687 623 736 666 ure
753 614 901 682 turpare
914 607 1054 679 queste
1164 648 1203 665 -..

161 738 164 747 1
258 695 359 755 Gratia
376 676 565 768 quofflvo
580 700 685 752 vestra
697 691 818 765 pudore
832 698 931 764 queat
985 700 1003 749 ,’

215 776 360 853 suscipe,
375 772 535 837 Romanae
548 774 705 848 facundia,
724 774 872 848 Maxime,
889 775 1018 850 liuguae,
1060 825 1063 831 ,

165 869 201 927 70
255 861 395 922 difficilis
411 858 836 932 caumemttepatroeiuium.
986 904 989 913 ,

213 945 267 1006 Est
281 945 375 1019 mala,
392 942 549 1005 confiteor.
571 941 631 1001 sed
645 947 676 1001 te
693 940 776 1001 bona
791 942 844 1001 det
856 947 978 1016 agente

254 1022 350 1088 Lenia
362 1043 420 1103 pro
430 1027 547 1087 'misera
560 1027 609 1086 tae
627 1024 720 1085 modo
741 1024 836 1085 verba
854 1026 935 1101 suga
1006 1060 1023 1099 ,ι
1101 1044 1105 1053 ⁴

214 1112 317 1173 Nescit
330 1110 410 1171 enim
425 1110 552 1185 Caesar,
572 1110 713 1185 quamvis
730 1109 807 1169 deus
822 1109 923 1169 omnia
938 1106 1027 1183 norit,

257 1195 385 1257 Ultimus
401 1192 451 1254 hie
468 1193 583 1270 quasit
597 1192 779 1273 condicione
793 1193 892 1253 loeus.

164 1287 200 1353 7⁶
213 1279 325 1354 Magna
337 1285 442 1340 teneat
455 1278 530 1337 iilud
542 1292 653 1337 numen
667 1275 823 1345 molimina
834 1291 951 1337 resume

256 1363 340 1423 Haeo
356 1370 404 1422 est
417 1360 542 1421 caelesti
556 1367 681 1435 peetore
699 1374 773 1419 eura
786 1359 894 1420 mium.

215 1447 278 1507 Nee
297 1453 400 1520 vaoet,
416 1446 448 1505 in
464 1460 525 1519 qua
543 1444 605 1504 siut
617 1443 709 1517 positi
722 1443 849 1517 regione
862 1443 1006 1518 Tomitae,
1104 1496 1107 1503 .

258 1530 424 1604 Quaerere,
440 1527 565 1589 finitimo
585 1527 639 1586 vix
653 1527 724 1586 toea
738 1533 812 1587 nota
826 1527 933 1586 Getae:

214 1615 277 1675 Aut
292 1612 365 1689 quid
380 1612 580 1672 Sauromatae
594 1610 721 1683 faciant,
742 1610 815 1683 quid
831 1611 961 1685 lazyges
977 1622 1076 1684 aeres,

165 1705 201 1762 8⁰
218 1720 226 1728 ¹
258 1696 406 1772 Cultaque
420 1694 565 1755 Oresteae
578 1693 707 1753 Taurica
718 1699 800 1752 terra
814 1693 908 1752 deses

216 1780 362 1856 Quaeque
373 1780 453 1840 ¹aliae
465 1780 587 1854 gentes,
604 1776 656 1837 ubi
670 1778 782 1850 frigore
797 1775 929 1836 constitit
942 1775 1053 1849 Hister,

257 1866 340 1925 Dura
352 1870 455 1941 meant
468 1861 560 1923 aeleri
572 1868 659 1936 terga
672 1876 728 1935 per
742 1860 838 1923 amnis
854 1875 945 1934 equo.

215 1946 349 2008 Maxima
370 1962 440 2025 pars
458 1946 615 2009 hemum
627 1960 687 2007 neo
701 1953 746 2018 to,
761 1942 979 2019 puteheuirna,
1001 1934 1095 2018 emat,

257 2032 371 2103 Roma,
390 2044 448 2089 nee
461 2029 592 2103 Ausonii
605 2028 806 2095 mititis'anua
824 2028 917 2087 timet.
955 2030 959 2039 ”

167 2122 203 2178 st
216 2113 296 2174 Dant
308 2111 368 2173 iilis
383 2113 501 2177 animos
516 2128 606 2175 meus
621 2113 793 2188 plenaeque
807 2111 978 2188 pharetrae,

258 2197 415 2273 Quamque
427 2196 501 2257 libet
514 2196 614 2272 longis
630 2195 770 2256 cursibus
784 2202 874 2269 aptus
890 2186 998 2270 equus,

218 2281 369 2356 Quodque
384 2280 613 2343 sitim‘didieere
628 2281 681 2340 diu
693 2280 825 2341 tolerare
838 2280 1019 2354 famemque,

227 2398 233 2409 ι
260 2363 410 2440 Quodque
424 2378 559 2440 sequeus
574 2365 674 2424 nutias
689 2364 788 2426 hostis
802 2361 925 2423 habebit
937 2375 1047 2437 aquas.
1165 2369 1168 2373 “

218 2448 266 2508 Ira
279 2447 337 2508 virt
350 2448 431 2508 mitis
446 2463 509 2509 nou
527 2450 577 2515 rire
595 2448 731 2511 misisset
743 2448 775 2507 iu
788 2447 887 2520 istam,

166 2539 203 2596 90
258 2531 291 2592 Si
306 2531 381 2592 satis
397 2530 474 2592 haeu
487 2532 530 2590 itti
544 2537 618 2591 uota
631 2531 741 2591 fuisset
758 2530 879 2590 humus.
951 2534 955 2539 ’

216 2615 278 2676 Nee
293 2631 356 2689 me,
370 2630 429 2675 neo
444 2630 629 2690 quemquam
643 2615 813 2674 Romanum
827 2613 940 2687 gaudet
952 2608 991 2669 ab
1004 2609 1104 2684 hoste,

258 2698 370 2772 Meque
387 2698 502 2771 miuus,
517 2699 611 2758 vitam
625 2697 674 2756 oui
689 2697 781 2756 dabat
794 2699 878 2770 ipse,
893 2693 970 2768 oapi.

218 2781 331 2856 Noluit,
345 2788 379 2842 ut
393 2786 525 2857 poterat,
540 2782 663 2849 minimo
679 2796 728 2839 me
742 2779 872 2854 perdere
888 2784 974 2838 ¹nuta

259 2865 307 2925 Nil
325 2880 405 2940 opus
420 2865 551 2925 astutus
565 2864 596 2923 iu
611 2864 755 2923 meatata
768 2861 862 2922 Getis.
900 2884 903 2891 ⁴
938 2908 941 2913 ,

168 2956 203 3013 95
217 2947 277 3011 Sed
285 2964 395 3024 neque,
408 2962 610 3021 eurmorereq
626 2947 789 3021 quaequam
796 2943 1137 3020 mihioomperitaotunr,

230 3104 232 3108 λ
260 3032 298 3092 Et
311 3033 411 3093 minus
430 3031 574 3102 infestus,
594 3032 686 3105 quam
700 3030 770 3102 tut,
783 3045 856 3090 esse
870 3036 981 3106 potest

217 3115 301 3175 Tune
314 3131 439 3191 quoque
453 3115 495 3174 nil
508 3113 594 3186 iecit,
610 3112 669 3172 uisi
685 3113 769 3189 quod
788 3116 890 3174 faeere
904 3115 973 3188 ipse
986 3106 1090 3185 coegit

259 3197 360 3259 Paene
371 3200 464 3263 ,etiam
481 3197 588 3258 merito
603 3196 725 3272 parcior
742 3198 789 3258 ira
801 3213 869 3259 meo
884 3203 941 3257 est

219 3280 256 3343 Di
271 3283 383 3343 faetent
396 3280 501 3357 igitur,
518 3280 648 3358 quorum
662 3281 847 3345 iustissimus
861 3281 930 3354 ipse
943 3282 1000 3353 est,

158 3373 210 3428 100
263 3365 353 3424 Alme
372 3364 446 3425 nihii
459 3367 556 3429 maius
571 3365 703 3426 Caesare
714 3372 795 3425 terra
809 3366 900 3425 serata

221 3448 323 3524 thue
333 3447 388 3509 diu
402 3450 460 3515 sub
474 3465 513 3510 eo
526 3450 566 3510 sit
579 3448 702 3527 publiea
715 3448 836 3510 sarcina
849 3459 959 3518 rerum,
