2598 3812
198 192 261 255 lod
586 186 646 249 EX
671 180 818 249 PONTO

274 341 383 404 Tristia
397 355 453 418 per
465 354 582 401 veeuos
595 339 721 399 horrent
733 337 885 401 absinthio
898 352 1040 416 campos:

315 425 569 498 conveniensque
583 438 639 484 suo
655 422 768 483 messis
781 439 885 483 amara
901 424 980 484 ioco.

235 520 270 574 to
280 509 372 571 Adde
385 516 493 580 metus,
516 514 545 566 et
559 506 643 581 quod
656 522 761 566 murus
776 507 914 582 pulsatur
927 505 967 567 ab
981 505 1080 579 hoste,

315 594 482 667 Tinctaque
495 591 650 654 mortifera
662 588 732 649 tube
746 591 856 666 sagitta
869 589 979 663 madet,

277 676 365 753 Quod
381 674 488 751 procul
501 672 578 733 haec
591 671 676 747 regio
691 680 739 734 εει
752 681 782 733 ει
796 675 834 734 ab
849 674 931 733 omni
946 673 1036 734 devia
1049 689 1154 748 eursu,

265 782 269 787 ’
316 760 378 819 Νεε
394 758 474 834 pede
489 774 550 832 quo
564 756 736 833 quisquam,
751 772 809 817 nec
823 764 887 817 rate
900 764 982 818 tutus
996 764 1055 817 eat.

275 843 342 904 Non
357 842 446 916 igitur
460 841 575 913 mirum,
597 840 689 900 finem
704 839 919 915 quaerentibus
933 840 1041 901 borum

225 939 261 993 ει)
313 926 418 986 Altera
432 924 458 984 si
473 923 564 984 nobis
577 937 677 997 usque
692 930 814 998 rogatur
827 924 947 984 humus.

275 1011 316 1070 Τε
330 1008 427 1083 magis
441 1013 489 1067 est
502 1009 608 1067 mirum
623 1005 758 1067 nonime
773 1006 923 1081 evincere,
942 1008 1085 1080 coniunx,
1110 1022 1115 1035 ’

314 1091 410 1165 Inque
424 1090 500 1152 meis
515 1090 656 1151 lacrimas
670 1104 767 1165 posse
781 1097 885 1151 tenere
898 1091 996 1151 maiis.

276 1174 355 1250 Quid
368 1174 473 1248 iacies,
497 1174 641 1250 quoerisr
663 1188 793 1248 quaeras
807 1173 867 1233 hoc
881 1175 998 1235 seilicet
1010 1175 1121 1251 ipsum.

316 1258 467 1330 Invenies,
487 1274 561 1317 vere
575 1257 602 1316 si
615 1257 749 1331 reperire
763 1257 861 1317 voles.

225 1347 260 1402 35
274 1340 361 1402 Velie
376 1357 482 1416 parum
498 1348 554 1401 est
587 1339 702 1423 cupies,
725 1346 758 1400 ut
771 1355 804 1399 re
821 1339 957 1416 potioris,
979 1348 1110 1417 oportet,

315 1424 352 1484 Et
367 1425 456 1484 iaciat
470 1440 596 1485 somnos
610 1422 687 1484 hoec
702 1422 755 1483 tibi
770 1439 844 1483 cura
857 1422 978 1484 breves.

274 1508 363 1568 Velle
376 1523 447 1568 reor
460 1508 581 1569 multos.
612 1506 685 1581 Quis
701 1508 782 1566 enim
795 1507 868 1567 mihi
881 1515 943 1567 tam
957 1506 997 1569 sit
1010 1506 1145 1582 iniquus,

322 1590 411 1665 optet
424 1598 457 1651 ut
470 1591 592 1652 exilium
606 1606 685 1665 poce
700 1605 805 1650 carere
819 1598 940 1650 meumt
1101 1664 1105 1673 ,

275 1672 402 1735 Pectore
415 1681 445 1734 te
458 1681 522 1734 toto
536 1675 717 1749 cunctisque
731 1674 907 1735 incumbere
920 1673 1023 1735 nervis

223 1765 260 1820 to
313 1758 351 1818 Et
364 1759 417 1818 niti
431 1773 488 1833 pro
503 1773 552 1817 me
566 1763 657 1817 nocte
671 1756 783 1833 dieque
797 1757 894 1817 dccet
909 1810 912 1817 ,

275 1841 493 1917 thuo'iuvent
506 1841 565 1914 alii,
584 1838 729 1900 tu'debes
742 1840 865 1899 vincere
879 1840 1003 1915 emices,

315 1925 410 1997 Uxor,
433 1926 516 1984 etad
531 1923 626 2000 partis
641 1923 738 1998 primo
751 1923 857 1982 venire
871 1931 950 1984 tuas.

275 2007 385 2082 Magna
398 2007 452 2067 tibi
466 2007 608 2082 imposito
622 2013 669 2066 εει
684 2005 796 2067 nostris
811 2021 946 2080 persona
959 2004 1084 2067 libeliisz

187 2106 189 2115 ¹
318 2090 460 2165 Coniugis
475 2092 646 2164 exempltun
661 2089 772 2149 diceris
787 2105 859 2149 esse
872 2091 981 2152 bonae.

112 2238 113 2247 ,
226 2186 261 2240 45
276 2173 361 2233 Hanc
376 2188 414 2233 ne
428 2173 597 2247 degeneres
612 2180 642 2232 et
655 2172 716 2232 sint
730 2173 893 2247 praeconia
907 2174 1012 2235 nostia
1109 2218 1112 2227 .

282 2322 285 2330 ,
317 2250 408 2331 Vera,
429 2257 509 2331 vide,
531 2258 629 2315 iemoe
644 2272 705 2330 quo
721 2257 833 2316 tuearis
848 2272 936 2333 opus.

275 2341 315 2403 Ut
327 2340 400 2399 nihil
414 2339 482 2415 ipse
498 2355 616 2413 querar,
637 2339 728 2403 tacito
743 2355 792 2399 me
806 2341 886 2401 foma
900 2347 1053 2417 queretur,

318 2423 401 2498 Quae
414 2423 519 2499 debet,
537 2422 627 2482 inerit
641 2423 670 2481 ni
685 2423 738 2483 tibi
753 2440 826 2485 eura
839 2426 908 2484 mei.

275 2506 426 2583 Exposuit
440 2522 508 2566 mea
522 2521 571 2565 me
585 2507 700 2581 populo
716 2508 837 2567 fortuna
851 2508 1024 2581 videndum,

233 2598 269 2652 50
294 2654 297 2665 ¹
316 2591 353 2651 Et
367 2591 436 2666 plns
451 2590 583 2660 notitiae,
606 2606 697 2665 quam
711 2590 766 2650 suit
780 2596 858 2665 ante,
880 2592 972 2652 dedit.
1069 2610 1073 2618 ¹

274 2674 379 2736 Notior
393 2681 440 2734 est
455 2675 552 2735 iactus
567 2672 727 2748 Cupencus
741 2690 761 2733 a
775 2674 907 2735 fulminis
922 2677 998 2736 ictu:
1084 2679 1089 2693 ·

315 2758 410 2818 Notus
425 2759 517 2819 humo
533 2758 642 2818 mersis
656 2757 861 2832 Amphiaraus
877 2759 974 2832 equis.

276 2839 309 2900 Si
322 2840 420 2903 minus
436 2849 578 2915 errasset,
600 2847 691 2901 notus
705 2841 804 2901 minus
819 2849 903 2902 esset
916 2841 1037 2903 Ulixem

314 2922 425 2998 Magna
439 2926 621 2986 Philoctetae
637 2925 761 2984 vulnere
775 2925 856 2985 iemu
869 2941 926 2985 suo
941 2932 998 2984 est.

232 3013 267 3066 55
279 3004 312 3066 Si
326 3007 412 3068 iocus
427 3015 475 3067 est
489 3008 598 3084 aliquis
612 3013 696 3068 tanta
710 3007 787 3067 inter
800 3009 921 3068 nomina
937 3007 1050 3083 porviS,

315 3090 378 3150 Nos
393 3106 517 3166 quoque
532 3091 718 3166 conspicuos
733 3099 839 3151 nostra
851 3090 939 3151 ruina
953 3091 1034 3152 iecit.

273 3172 379 3234 Necte
394 3175 504 3234 nesciri
519 3176 629 3250 patitur
643 3190 710 3234 mea
724 3175 844 3249 pagina.
877 3191 939 3249 qua
953 3191 1014 3237 non
1073 3179 1081 3197 ⁸

192 3315 201 3327 ,
313 3258 442 3317 Inferius
457 3258 520 3321 Coa
533 3257 643 3318 Bittide
657 3273 769 3317 nomen
783 3256 890 3316 habes.
1057 3308 1059 3313 .

274 3339 422 3414 Quicquid
436 3356 509 3416 ages
524 3341 621 3415 igitur,
645 3355 738 3399 scena
753 3339 932 3414 spectabere
946 3355 1066 3416 magna,

230 3428 267 3484 ιιι)
318 3422 355 3482 Ει
369 3422 420 3499 pia
434 3440 496 3485 non
513 3424 618 3500 parvis
632 3423 761 3484 testibus
777 3438 855 3485 uxor
867 3424 940 3487 eris.
