2598 3812
474 228 519 299 V,
540 224 577 301 1,
598 223 717 300 itt-2,
740 227 770 290 4.

244 379 329 443 Tibia
341 375 498 441 fauoribus
512 377 654 440 convenit
666 376 725 438 ista
738 380 824 439 meis.

201 464 255 524 ‘At
267 465 402 539 poteras
417 461 518 535 inquis
532 461 652 523 ‘melius
668 463 748 523 mala
762 463 841 523 terre
854 463 983 540 silendo,

146 556 186 610 5⁰
240 547 278 609 Et
291 545 504 609 tacituscasus
519 543 711 605 dissimulare
727 551 816 606 tuos?
1015 600 1018 605 .

200 628 324 704 Exigis,
334 635 369 688 ut
382 627 455 689 nulli
469 627 598 701 gemitus
612 634 763 698 tormenta
775 639 950 706 sequantur,

241 714 442 789 deceptoque
455 710 541 784 gravi
556 712 680 771 vulnere
694 710 772 772 llere
786 721 901 774 vetant

199 796 271 871 lpse
284 794 412 855 Perilleo
426 778 561 855 Phalaris
578 795 714 867 permisit
726 795 756 854 in
771 811 843 856 aere

238 879 338 938 Edere
350 876 483 951 mugitus
498 882 528 936 et
541 875 630 937 bovis
646 893 700 936 ore
715 879 810 951 queri.

107 983 114 994 ·
147 971 181 1025 55
198 962 271 1023 Cum
281 961 393 1023 Priauri
406 959 537 1021 lacrimis
552 957 688 1020 offensus
703 974 764 1022 non
779 962 820 1022 eit
832 961 976 1038 Achilles,

239 1046 280 1104 Ta
297 1043 387 1104 fletus
401 1042 538 1118 inhibes,
552 1040 656 1103 durior
671 1042 775 1117 hoste,
790 1053 899 1105 meost

198 1129 272 1191 Cum
286 1128 399 1189 iaceret
410 1125 528 1187 Nioben
542 1125 648 1187 orbam
661 1126 789 1187 Latonia
802 1130 914 1204 proles,

240 1211 307 1273 Non
320 1217 419 1273 tamen
433 1206 514 1273 hane
529 1210 628 1271 sinuas
642 1210 731 1270 iussit
744 1210 858 1272 habere
871 1228 978 1286 genas.
1015 1248 1017 1253 <

197 1293 252 1353 Est
266 1293 395 1369 aliquid,
411 1294 502 1353 latnie
514 1294 627 1355 malurn
641 1306 697 1367 per
709 1293 805 1354 verba
821 1295 940 1356 levare:
993 1339 995 1346 ,

147 1387 184 1443 60
237 1377 305 1438 Hou
319 1376 474 1452 querulam
488 1376 624 1438 Procnen
637 1375 879 1452 Halcyonenque
897 1380 977 1440 lacit

197 1459 271 1537 Hoo¹
282 1466 360 1531 erat,
376 1459 406 1521 in
420 1458 522 1534 gelido
538 1475 632 1535 quaro
646 1459 811 1521 Poeantius
826 1469 912 1524 antro
939 1484 946 1495 ·

238 1544 323 1605 Voce
337 1543 475 1617 fatigaret
488 1543 613 1605 Lemnio
631 1559 708 1604 saxa
722 1559 789 1604 sua.

197 1624 369 1702 strangulat
382 1626 518 1687 inclusus
533 1625 622 1687 dolor
636 1632 727 1701 alque
741 1632 898 1688 exaestuat
911 1629 1001 1703 inlus,

238 1706 359 1785 Cogitur
373 1718 403 1773 et
415 1709 499 1768 vires
513 1708 712 1784 multiplicare
725 1722 808 1769 suas.
850 1724 853 1731 ’

144 1788 180 1859 6'5
194 1792 240 1863 oa
256 1794 377 1855 veniam
391 1792 509 1868 potius,
527 1794 576 1853 vel
590 1799 671 1853 totos
684 1792 757 1852 tolle
771 1791 899 1866 libellos,

237 1876 272 1939 si
285 1877 356 1937 mihi
374 1876 457 1950 quod
474 1876 614 1950 prodest,
631 1875 691 1937 lroo
704 1875 774 1946 tini,
788 1874 896 1947 lenior,
913 1876 1010 1938 obest.

196 1957 259 2019 Sed
276 1976 376 2034 neque
391 1959 503 2021 obesse
519 1967 635 2034 potest,
650 1958 704 2019 ulli
717 1972 774 2019 neo
788 1959 1030 2035 seriptalnerunt

236 2043 347 2105 Nostro
359 2041 418 2105 nisi
433 2043 547 2104 auetori
563 2043 737 2118 perniniosa
754 2057 821 2102 suo.

196 2127 248 2186 ‘At
261 2127 340 2186 malo
353 2130 445 2187 sunt'
467 2126 587 2187 Fateor.
608 2125 681 2200 Quis
699 2133 729 2186 te
743 2126 822 2187 mala
836 2142 956 2187 sumere
971 2129 1072 2204 ongitl

146 2217 182 2275 ill
235 2212 298 2271 Aut
317 2210 386 2283 quis
402 2209 562 2284 deceptum
576 2224 692 2286 ponere
706 2216 826 2284 sumpta
839 2217 941 2271 vetati
997 2214 1003 2235 '

195 2293 267 2368 lpse
281 2308 337 2353 nee
352 2292 411 2355 hoe
427 2293 555 2365 mando,
571 2294 643 2367 sed,
657 2300 691 2353 ut
703 2292 752 2353 lrio
767 2292 914 2366 deducta,
929 2296 1078 2370 legantur:

236 2376 304 2437 Non
320 2382 391 2439 sunt
403 2375 456 2437 illa
468 2391 526 2439 suo
540 2375 719 2437 barbariora
732 2376 812 2436 loeo.

194 2459 256 2519 Nee
270 2475 319 2518 me
332 2460 431 2521 Roma
444 2459 510 2519 suis
525 2458 616 2521 debet
634 2460 773 2520 rnnlerre
787 2460 895 2533 poetis.

236 2543 317 2605 Inter
331 2541 526 2605 Sauromatas
540 2543 719 2617 ingeniosus.
732 2558 825 2602 eram.

145 2634 178 2690 75
192 2624 330 2702 Denique
344 2627 428 2687 nulla
440 2626 512 2687 mihi
527 2632 664 2701 captatur
677 2626 785 2700 gloria,
803 2641 943 2702 quaeque

235 2709 360 2784 Ingenio
376 2708 513 2770 stimulos
531 2709 665 2771 subdere
678 2711 759 2771 inmo
777 2710 864 2769 solet.

192 2794 337 2853 Nolumus
352 2792 486 2855 assiduis
501 2794 632 2855 animum
646 2791 804 2854 tabescere
818 2792 910 2865 curis

235 2875 318 2949 Quae
332 2883 433 2937 tamen
448 2876 635 2952 inrumpunt,
651 2889 776 2951 qnoque
789 2883 947 2951 vetantur,
959 2887 1039 2939 erun

194 2957 253 3019 Cur
267 2958 414 3034 scribam,
429 2959 530 3022 donni.
566 2960 765 3032 Carminium,
782 2959 942 3035 quaeritis,
957 2962 1056 3023 istnc?

143 3049 179 3104 80
233 3041 403 3104 Vobiscum
416 3041 508 3118 cupio
525 3044 662 3117 quolibet
675 3057 748 3105 esse
761 3043 864 3104 modo.

128 3177 174 3273 2·
190 3168 316 3285 quuid
331 3212 382 3273 ubi
397 3227 414 3273 e
428 3213 523 3274 Ponto
541 3228 625 3272 nova
637 3212 720 3274 venit
732 3214 878 3290 epistola,
892 3214 999 3289 palles,

231 3293 269 3353 Et
282 3293 336 3355 tihi
354 3296 484 3357 sollicita
497 3297 625 3358 solvitur
637 3295 689 3355 illa
702 3304 823 3357 manut-
994 3310 997 3317 ’

191 3375 276 3436 Pone
291 3384 416 3451 metum,
431 3381 533 3440 valeo.
567 3394 756 3453 corpusque,
772 3378 856 3453 qnod
870 3386 941 3439 anto
954 3377 1091 3441 laborum

233 3461 387 3534 inpatiens
403 3462 493 3523 nobis
507 3461 735 3534 invalidumque
748 3462 811 3534 iuil,
