2582 3810
485 141 601 263 1v‚'e,
622 182 793 263 temo.

268 336 438 412 Quemenis
452 336 574 399 Euxini
578 338 790 401 tenmeinistm
802 338 902 399 ieeett
965 379 968 385 ·
1053 346 1057 387 2

224 421 309 481 Haeo
322 420 432 480 mihi
407 437 434 480 et
448 421 557 495 Delphi
570 421 760 510 Dodonaque
773 422 910 482 diceret
901 438 980 498 ipsu,

267 505 346 564 Esse
359 505 512 564 videretur
523 520 632 566 venus
628 511 765 580 uterque
778 507 875 566 loeus.
977 542 980 553 ·
1055 524 1058 537 ·

171 597 209 650 45
223 588 270 647 Nil
280 587 363 647 odeo
377 587 511 647 validum
525 595 587 660 eet,
603 589 728 649 edemus
741 589 814 649 lieet
824 589 927 663 etttget
939 589 1023 664 iilud,

263 671 304 732 Ut
317 676 438 731 manent
455 670 579 745 rapido
584 671 782 747 firmineigne
795 672 890 732 Iovis.
1025 716 1029 723 .

225 754 272 813 Nit
285 754 327 814 itu
341 753 474 814 sublime
483 760 531 813 est
545 756 699 829 supraque
713 755 849 831 perieute
862 755 966 830 tendit,
996 782 1001 789 .

265 838 333 898 Non
347 838 387 896 sit
399 844 432 897 ut
445 837 571 897 inferius
586 840 841 914 suppositumque
855 838 926 900 deo.
942 856 946 865 “

225 921 300 980 Nom
314 936 497 996 quemquem
512 920 584 980 vitio
600 937 672 996 pens
689 929 736 982 est
749 926 905 987 contracto
914 921 1082 996 malonem„
1125 944 1131 973 ι

174 1011 211 1064 50
258 1003 329 1062 Pius
343 1011 442 1064 temen
456 1003 539 1064 exitii
553 1004 684 1065 numinis
696 1005 743 1066 ire
757 1006 848 1065 dedit.

225 1087 267 1147 At
279 1101 338 1148 vos
352 1087 622 1148 admonitinostris
639 1103 762 1163 quoque
777 1089 987 1163 casibueleste,
1054 1106 1059 1149 i

132 1194 135 1201 ·
158 1240 161 1247 r
267 1171 458 1246 Aequentem
472 1186 602 1247 superos
618 1172 786 1232 emeruisse
797 1172 906 1233 virum.
995 1190 1000 1200 ’

160 1302 210 1406 9.
226 1300 265 1399 Si
280 1340 351 1400 lieet
365 1341 538 1416 montenis,
554 1355 665 1400 nomen
680 1340 861 1417 facinusque
874 1342 993 1419 tacebo,
1014 1372 1018 1377 ·

269 1423 307 1484 Et
319 1431 372 1484 tuo
383 1424 525 1483 Lethaeis
540 1429 608 1483 aete
622 1422 771 1491 dabuntur
785 1425 885 1501 equis,
915 1428 918 1475 I
963 1429 966 1435 '
1007 1454 1009 1461 ,
1031 1428 1034 1481 i

223 1505 395 1582 Nostraque
409 1507 546 1567 vincetur
558 1505 862 1568 teonimiselementiu
875 1505 967 1569 senise

265 1590 331 1651 Fue
344 1590 452 1663 modo,
467 1597 497 1650 te
511 1596 615 1664 pateat
627 1591 815 1665 paenituisse
826 1592 880 1651 tui.

195 1682 213 1736 5
226 1674 407 1746 Feomodo,
423 1679 454 1733 te
468 1672 595 1732 damnes
608 1672 780 1747 oupieuque
793 1675 920 1736 eredere
932 1674 1017 1736 vitae

265 1758 429 1833 Tempora,
445 1756 605 1831 siponeis,
620 1755 805 1830 Tisiphonea
817 1763 897 1817 tuoe.

225 1839 279 1901 Sin
293 1839 599 1915 minns‚·et'flugnent
612 1839 686 1900 odio
697 1846 750 1901 tue
762 1846 888 1915 pectora
901 1848 1015 1917 nomm,

205 1967 207 1970 -
265 1924 375 1984 induet
388 1923 493 1983 infelix
507 1926 712 1983 onneooe'ete
726 1924 823 1985 dolor.

225 2005 288 2068 Sim
303 2006 374 2067 lieet
387 2014 569 2082 extremum,
588 2006 667 2066 siout
682 2023 766 2082 sum,
781 2008 895 2071 missus
910 2009 941 2069 ln
956 2007 1071 2082 orbem,

175 2100 212 2156 ιο
263 2091 375 2150 Nostro
395 2106 468 2151 sues
483 2090 710 2165 istuepor'riget
724 2090 769 2151 ire
782 2107 901 2153 munus.

225 2172 347 2247 Omnia,
364 2173 391 2233 si
406 2173 524 2247 neeeie,
542 2172 656 2234 Caesar
669 2173 741 2233 mihi
756 2174 825 2236 iure
840 2176 969 2253 reliquit,

142 2286 149 2309 .
264 2256 385 2316 Eteole
400 2264 448 2316 est
460 2257 558 2331 patrie
574 2260 794 2332 poeneeenere
809 2274 886 2319 mee
994 2268 996 2273 ·

223 2339 262 2399 Et
275 2339 417 2415 petriam,
431 2339 526 2400 modo
541 2339 581 2399 sit
595 2355 722 2416 sospes,
740 2343 898 2419 speremus
914 2341 954 2405 ab
968 2343 1030 2403 illo.

267 2423 368 2497 Saepe
383 2422 465 2482 lovis
481 2423 542 2481 teto
560 2438 691 2497 quereus
704 2425 821 2485 ‘adusta
837 2426 924 2486 viret.

74 2518 78 2525 ·
174 2514 208 2568 15
221 2506 359 2579 Denique
372 2505 526 2565 vindietee
541 2506 568 2565 si
584 2507 623 2567 sit
639 2506 711 2568 mihi
728 2509 964 2584 nutteiaeuttee,

262 2587 399 2647 Pierides
416 2588 499 2648 vinee
516 2595 547 2648 et
563 2605 620 2650 sue
634 2591 695 2650 teto
709 2590 832 2652 debunt.

223 2670 312 2746 Quod
328 2670 629 2749 Scythieiehebitem
644 2674 736 2748 longe
746 2676 918 2734 eummotus
935 2674 966 2733 in
981 2677 1053 2748 onis,

264 2753 490 2828 Sieooq'uesint
508 2756 606 2817 oculis
623 2757 764 2832 proxime
776 2756 866 2830 'signu
882 2757 972 2818 meist
1000 2794 1002 2801 >

223 2838 335 2898 Nostra
351 2836 578 2912 pen'iumenses
594 2839 681 2900 ibunt
695 2840 860 2914 pmeeonie
874 2842 990 2916 gentes,
1012 2858 1015 2867 ’

172 2928 209 2983 20
260 2920 410 2995 Quodque
428 2928 553 2994 quener,
571 2928 674 2981 notum
691 2937 752 2995 que
766 2928 849 2996 petet
864 2923 961 2999 orbis,
981 2925 1045 2997 enit.
1098 2968 1103 2973 -

222 3001 280 3063 Ibit
295 3004 336 3063 ad
352 3012 497 3064 oceasum
512 3003 658 3078 quiequid
676 3004 825 3079 dicemus,
842 3007 881 3067 eb
897 3015 974 3083 ortu,

184 3132 186 3137 ,
262 3087 360 3147 Testis
376 3094 406 3147 et
421 3086 582 3160 hesperiae
597 3087 685 3147 vocis
699 3102 774 3149 eous
789 3090 854 3149 erit
943 3116 945 3121 ·

222 3168 319 3230 Trans
337 3182 395 3245 ego
410 3171 562 3243 tellurem,
577 3177 660 3230 trens
678 3171 755 3232 attae
771 3174 878 3233 audien
891 3173 1000 3244 undas,

262 3252 308 3313 Et
315 3253 445 3327 gemitus
460 3270 522 3315 vox
537 3259 585 3313 eet
598 3269 708 3330 magne
722 3255 821 3316 tuturo
835 3257 904 3315 mei.
971 3256 974 3263 ⁴
1003 3256 1006 3265 ’
1046 3300 1048 3307 .

172 3341 208 3395 25
221 3334 284 3395 Nee
295 3342 359 3395 tua
366 3343 398 3395 te
414 3342 533 3397 sontem
545 3337 765 3399 tantummodo
769 3338 892 3399 saecula
906 3335 1021 3397 norint·

158 3458 169 3470 .
264 3418 433 3494 Pemetuee
449 3421 561 3481 crimen
574 3421 760 3498 posteritatis
775 3422 846 3482 eris
944 3436 945 3439 ¹
1044 3424 1049 3479 t
