2602 3816
148 182 211 249 noo
375 148 598 245 areauna
621 182 678 258 ιν,
700 180 916 258 ro‚1e-m.

271 335 412 397 Deseruit
425 334 515 396 celeri
529 339 626 394 rnorte
641 332 772 394 Sabinus
783 349 882 410 opus=

230 418 407 494 Ingeniique
422 419 470 480 sui
484 418 583 477 dictus
598 417 779 490 cognomine
792 418 919 492 Largus,

271 502 387 563 Gallica
401 503 454 577 qui
466 499 631 575 angtum
645 499 731 561 duxit
744 500 774 563 in
788 516 863 560 arva
877 515 997 560 scncmz

231 585 349 662 Quique
362 586 443 646 canit
455 583 600 645 domitam
613 581 790 644 Camerinus
805 583 843 644 ab
856 583 986 645 Hermia
999 584 1139 647 Troiam=

183 680 222 735 ao
268 664 391 743 'Quique
404 684 461 728 sua
474 680 585 727 nomen
597 664 737 744 Phyllide
750 668 868 727 Tuscus
882 666 988 731 habeta

229 752 422 826 velivolique
435 749 529 809 maris
543 763 662 822 nornen,
686 751 734 809 cui
749 751 874 811 credere
888 751 992 826 possis

269 835 407 895 Carmina
420 833 578 893 caeruleos
593 833 807 908 composuisse
820 833 914 894 deos:

229 919 346 993 Quique
360 916 443 977 acies
457 915 804 992 Libycasiiomanaque
817 917 935 993 proelia
948 916 1036 978 dixit:

267 1001 306 1062 Et
318 1000 441 1073 Marius,
462 999 566 1074 scripti
581 998 687 1059 dexter
699 1000 731 1060 in
745 1015 835 1060 omne
849 1016 961 1075 genuae
1026 1024 1030 1031 ¹

183 1101 218 1155 aa
228 1082 462 1158 Trinacriusque
476 1098 552 1145 suae
565 1081 729 1144 Perseidos
743 1090 857 1158 auctor,
878 1090 909 1146 et
922 1089 1029 1145 auctor

83 1177 86 1183 “
266 1166 441 1231 Tantalidae
453 1165 575 1251 reducis
589 1166 844 1243 Tyndaridosque
857 1166 978 1246 Lupus:
1042 1234 1045 1241 ¹

161 1290 165 1300 -
226 1249 264 1310 Et
278 1249 330 1324 qui
343 1249 514 1310 Maeoniam
527 1249 699 1309 Phaeacida
713 1251 810 1310 vertit.
831 1256 937 1311 etum

266 1333 443 1394 Pincmlcae
457 1332 568 1393 fidicen
581 1338 616 1393 tu
631 1348 765 1408 quoque,
784 1334 873 1407 Ruie,
895 1335 995 1413 lyrae=

226 1414 377 1492 Musaque
389 1415 516 1476 Turrani
528 1415 652 1490 tragicis
667 1416 771 1477 innixa
784 1417 954 1481 cothurniss

181 1517 218 1572 ad
267 1499 368 1561 Ettua
381 1515 449 1561 cum
464 1514 557 1560 socco
571 1498 669 1573 Musa,
690 1498 822 1575 Melissa,
844 1500 925 1561 levi„
1064 1560 1067 1564 .

228 1583 303 1647 com
313 1584 414 1645 Varus
429 1583 648 1658 Gracchusque
660 1582 769 1653 darent
782 1584 847 1645 iera
860 1584 943 1645 dicta
953 1584 1103 1662 tyrannis,

269 1667 440 1749 Callimachi
454 1665 599 1726 Proculus
614 1666 706 1727 rnolle
719 1673 834 1729 teneret
847 1669 916 1728 item

226 1750 348 1830 Tityrus
362 1750 502 1825 antiquas
513 1755 548 1810 et
560 1756 625 1810 erat
638 1750 690 1824 qui
703 1755 845 1827 pasceret
857 1749 978 1828 herbas,
1114 1785 1155 1797 -

267 1837 409 1911 Aptaque
422 1834 545 1894 venanti
562 1833 683 1895 Gratius
698 1849 782 1894 anna
795 1834 890 1895 daret
963 1828 965 1837 “

181 1931 215 1987 35
226 1917 340 1979 Naidas
354 1933 374 1978 a
388 1916 500 1995 satyris
513 1923 637 1977 caneret
648 1915 803 1977 Fontanus
817 1924 942 1991 amatas,
1056 1960 1062 1968 -

267 2000 427 2083 Clauderet
440 1999 606 2077 imparibus
620 1999 715 2061 verba
729 2000 853 2077 Capella
865 2002 975 2063 modis.
1006 2062 1007 2065 ,

141 2092 147 2117 ’
226 2083 362 2160 Cumque
376 2084 476 2143 iorent
487 2083 548 2157 alii,
571 2098 698 2158 quorum
711 2084 784 2145 nrihi
798 2092 907 2146 cuncta
918 2086 1032 2148 referre

265 2167 392 2227 Nomine
405 2167 497 2242 longa
510 2183 597 2227 mora
613 2172 668 2241 est
689 2167 822 2229 carmina
836 2170 946 2245 vnimm
960 2169 1065 2235 babet:

150 2275 153 2280 “
224 2249 337 2310 Essent
351 2257 381 2310 et
394 2249 529 2323 iuvenes,
551 2266 680 2324 quorum
695 2252 780 2327 quod
792 2252 907 2319 inedita
920 2270 992 2316 cura
1006 2260 1063 2329 est,

181 2346 217 2400 40
265 2333 527 2412 Adpeilandorum
541 2332 583 2393 nil
596 2332 669 2392 mihi
683 2333 755 2395 iaris
768 2335 868 2397 adest

224 2417 266 2477 Te
281 2416 424 2477 tamenin
439 2414 527 2477 turba
540 2431 602 2476 non
617 2417 722 2491 ausim,
746 2419 840 2493 cotta,
862 2420 961 2498 silere,

223 2538 226 2545 ,
263 2500 415 2562 Pieridum
428 2499 537 2572 lumen,
559 2500 807 2577 praesidiumque
820 2503 890 2563 fori.
909 2520 912 2524 ·

224 2582 378 2645 Matemos
392 2584 494 2644 Cottas
507 2582 558 2643 cui
570 2583 795 2660 Messallasque
809 2592 954 2660 paternos

265 2667 397 2730 Maxima
407 2665 550 2727 nobilitas
564 2667 748 2742 ingeminata
760 2668 853 2729 dedit.

178 2760 214 2816 45
223 2749 332 2812 Dicere
345 2753 372 2812 si
386 2753 434 2812 ias
446 2756 505 2825 est
526 2751 610 2811 claro
624 2766 693 2811 mea
706 2751 828 2812 nornine
841 2752 931 2815 Musa

92 2904 94 2909 s
265 2835 367 2909 Atque
381 2835 572 2897 intentantes
590 2835 841 2912 querebamur,
863 2841 937 2907 erat

204 2951 207 2959 ·
223 2916 304 2992 Ergo
320 2925 501 2978 summotum
517 2917 616 2993 patria
628 2918 837 2993 proscindere,
859 2919 960 2995 livor,

263 2999 385 3076 Desine,
408 3017 468 3060 neu
484 3000 602 3061 cineres
618 3016 739 3077 sparge,
762 3009 893 3076 cruente,
914 3017 1012 3064 meas.

163 3156 168 3169 k
190 3124 193 3138 «
226 3082 333 3144 Omnia
346 3084 546 3159 perdidimus.
574 3086 782 3146 tantummode
797 3084 1047 3160 vitarelictaest,

178 3174 214 3228 ab
262 3165 411 3230 Praebeat
423 3173 457 3228 ut
470 3180 595 3226 sensum
608 3170 824 3242 materiamque
837 3168 936 3230 maiis.

226 3249 303 3323 Quid
318 3250 402 3326 iuvat
416 3251 567 3310 extinctos
581 3249 693 3311 sermm
708 3252 866 3312 demittere
879 3252 910 3312 in
925 3258 1031 3315 ultast

264 3332 331 3393 Non
344 3333 437 3396 habet
450 3335 480 3394 in
494 3331 585 3392 nobis
598 3333 658 3392 iarn
671 3350 753 3395 nova
765 3334 858 3411 plaga
870 3336 982 3400 iocum.
