2602 3816
151 217 215 283 230
519 160 781 277 't‘nsrotttttd
823 228 827 247 ¹

175 372 177 377 ’
273 370 312 431 111
327 374 552 446 posset¹vestaa
566 365 725 428 exeruisse
737 383 858 429 manus.

231 454 376 528 Fregerat
389 452 521 513 armillas
535 467 596 512 non
612 451 665 510 iiia
678 452 718 510 ad
730 450 873 512 bracchia
886 451 993 527 iactae,

280 536 465 597 scindebant
479 535 579 609 magni
594 533 715 594 vincula
728 548 824 610 parve
837 535 945 611 pedes.

170 629 222 683 335
236 621 309 698 Ipse
322 621 403 696 capit
419 617 598 691 clavamque
616 630 740 692 gravem
755 618 950 695 spoiimnque
963 617 1076 693 ieonis,
1276 608 1278 681 1

276 703 464 777 conditaque
476 702 508 761 in
522 700 664 775 pharetra
675 702 737 761 teia
749 701 867 762 minora
886 717 952 764 etta

236 787 287 849 Sic
301 788 401 863 epuiis
417 784 525 857 iuncti,
541 783 587 844 sio
602 785 676 844 dant
688 800 748 846 suu
760 800 895 861 corpora
909 798 1028 858 somno,

273 871 311 932 Et
324 869 434 947 positis
447 868 535 929 iuxta
546 867 716 929 secubuere
733 870 819 930 toria.

237 955 348 1028 Causa,
361 951 510 1027 repertori
524 952 593 1012 vitis
613 952 685 1027 quia
697 968 787 1013 sacre
800 952 957 1028 parebant,

171 1041 224 1097 330
277 1037 359 1112 Quae
373 1037 508 1097 fecerent
521 1050 613 1110 pure,
628 1050 697 1095 cum
710 1036 790 1097 foret
804 1044 872 1096 orta
887 1036 966 1097 dies.

234 1120 337 1183 Noctis
352 1126 417 1179 erat
433 1118 575 1179 medium.
605 1119 678 1195 quid
692 1134 754 1179 non
767 1134 853 1179 arnor
866 1119 1024 1196 improbus
1044 1120 1166 1181 audete

275 1202 410 1264 Roscida
422 1217 479 1278 per
490 1202 631 1262 tenebras
644 1202 767 1262 Faunus
781 1203 823 1262 ad
838 1210 925 1263 antra
939 1200 1031 1264 venit

234 1287 335 1362 thue
353 1287 436 1347 videt
450 1286 576 1347 comites
591 1301 700 1346 somno
715 1285 849 1361 vinoque
863 1286 991 1361 solutos,

275 1369 369 1446 Spem
382 1370 470 1449 ,capit
483 1370 513 1429 in
528 1369 662 1429 dominis
676 1384 748 1430 essa
761 1370 885 1446 soporis
899 1370 990 1431 idern.

171 1465 222 1520 335
236 1454 345 1528 Intrat,
356 1461 388 1513 et
401 1454 462 1523 huo
477 1453 549 1517 illue
562 1454 740 1513 temerarius
754 1460 833 1514 errat
847 1452 978 1529 adulter,

275 1538 313 1599 Et
326 1539 459 1614 praefert
475 1544 580 1598 cautas
595 1536 854 1612 subsequiturque
867 1550 987 1599 manue.

234 1621 369 1683 Venerat
382 1622 422 1681 ad
436 1624 521 1681 strati
539 1628 659 1695 captata
672 1621 783 1680 cubitia
796 1620 876 1694 tecti,

273 1705 310 1764 Et
326 1705 399 1764 felix
413 1705 510 1779 prima
524 1704 601 1763 iorte
615 1705 732 1763 iuturus
747 1713 822 1765 erat

234 1788 274 1850 111
286 1788 381 1863 tetigit
396 1788 470 1848 tulvi
484 1788 578 1847 saetis
592 1788 710 1849 hirsuta
722 1788 820 1849 leonis

169 1875 221 1932 340
276 1872 413 1943 Vellere,
432 1871 585 1946 pertimuit
598 1870 800 1946 sustinuitque
814 1884 945 1946 manum,

233 1955 447 2030 Attonitusque
461 1962 543 2016 metu
556 1955 661 2029 rediit,
675 1961 708 2014 ut
722 1969 818 2030 saepe
830 1955 930 2016 vietor

274 2038 436 2100 iiubatum
450 2037 520 2099 viso
534 2038 646 2100 rettulit
659 2053 759 2112 ungue
774 2037 896 2113 pedem.

233 2123 309 2183 Inde
322 2122 395 2195 tori,
415 2120 467 2195 qui
480 2122 600 2182 iunctus
614 2129 693 2193 eret,
710 2121 860 2182 velamina
872 2122 968 2198 tangit

274 2205 391 2278 Mollia,
404 2205 543 2264 mendaci
558 2204 768 2280 decipiturque
786 2211 868 2265 nota.

109 2328 115 2339 .
170 2290 221 2346 345
235 2287 398 2359 Ascendit,
415 2287 597 2363 spondaque
612 2288 671 2348 sibi
684 2289 829 2364 propiore
844 2287 1001 2363 recumbit,
1077 2363 1079 2368 Ι

273 2371 312 2432 iit
328 2370 475 2432 tumidum
490 2386 585 2432 cornu
598 2370 703 2432 durius
716 2372 830 2447 inguen
845 2379 919 2432 erat

233 2455 352 2516 Interea
365 2454 482 2515 tunicas
499 2470 553 2514 ore
567 2454 709 2516 subducit
721 2455 760 2515 eb
774 2455 849 2515 imae

274 2538 444 2600 Horrebant
457 2538 562 2599 densis
576 2554 688 2614 aspera
702 2552 790 2599 crure
809 2539 890 2614 pilis.

234 2621 339 2682 Cetera
352 2628 548 2698 temptantem
562 2621 662 2683 cubito
675 2622 850 2699 Tirynthius
863 2620 956 2685 heroe

172 2714 224 2769 350
279 2706 432 2782 Reppulit.
461 2720 478 2765 0
493 2719 611 2767 eumrno
626 2706 742 2766 decidit
754 2706 804 2765 iiie
818 2713 897 2767 toro.
1080 2778 1084 2783 ,

232 2789 279 2849 Fit
293 2802 398 2850 sonus.
426 2789 568 2851 inclamat
581 2788 724 2864 comites,
740 2797 770 2849 et
782 2789 896 2851 lumine
910 2789 1013 2866 poscit

274 2872 422 2933 Maeonis.
450 2874 552 2934 inlatis
566 2873 687 2949 ignibus
707 2882 776 2934 acta
790 2879 903 2950 petent.

232 2955 286 3015 Iiie
300 2955 393 3029 gemit
404 2957 482 3017 lecto
498 2959 630 3031 gravier
644 2957 781 3019 deiectus
796 2958 834 3017 ab
849 2958 920 3030 atto,

272 3037 469 3112 Membraque
488 3042 527 3099 de
540 3042 616 3101 dura
629 3042 683 3101 vix
699 3057 757 3102 sua
770 3042 846 3102 tollit
859 3036 964 3101 humo.
1073 3042 1077 3048 '

168 3136 219 3191 355
234 3121 324 3185 Ridet
337 3129 368 3182 01
380 3120 523 3197 Alcides,
539 3125 635 3200 etqui
650 3125 755 3185 videro
768 3126 927 3196 iacentem,

273 3205 363 3268 Ridet
377 3212 543 3266 amatorem
557 3207 645 3284 Lyda
657 3206 759 3283 puelia
773 3222 871 3268 suum.

232 3290 327 3349 Veste
341 3288 418 3350 deus
433 3291 520 3350 iusue
534 3290 672 3352 satiantes
687 3292 801 3352 lumina
814 3296 919 3349 vostea

270 3372 337 3432 Non
351 3380 447 3447 emat,
461 3378 492 3432 et
506 3374 606 3434 nudos
620 3375 661 3434 ad
679 3387 736 3433 sua
753 3384 842 3432 seem
853 3378 955 3434 vocat.
1080 3404 1083 3411 ·

233 3453 324 3514 Adde
338 3454 508 3549 peregrinis
524 3468 651 3530 musas,
666 3470 735 3516 mea
747 3454 851 3531 iiiusa,
867 3456 999 3528 Ladona,
