2598 3812
102 282 104 289 Α
164 206 227 273 104
594 206 736 270 ramis

288 361 343 436 Qui
357 359 450 421 miser
463 358 594 421 aurifera
607 366 685 419 teste
698 358 843 435 pependit
856 375 947 436 aqua.

246 445 309 506 Aut
326 450 358 504 ut
371 443 556 515 Achilliden,
572 449 701 516 cognato
715 444 837 515 nomine
850 445 973 518 clarum,

182 536 236 592 300
289 526 444 603 Opprimat
457 526 558 586 hostili
572 526 673 599 tegula
686 525 764 585 iacta
777 540 879 587 manu.

164 660 166 665 .
246 611 309 671 Nec
322 618 389 683 tua,
407 625 498 685 quam
515 608 638 686 Pyrrhi,
655 608 772 669 felicius
788 624 862 670 oasa
876 608 1044 687 quieseant,
1094 668 1097 684 ,

288 694 404 770 Sparsa
419 708 475 769 per
487 690 665 751 Ambracias
681 707 760 767 quae
771 693 892 754 iacuere
905 694 981 754 vias.

244 778 381 853 Nataque
394 783 427 834 ut
439 773 593 833 Aeacidae
608 773 715 835 iaculis
729 776 867 836 moriaris
881 776 1013 838 adactlsr

284 861 351 921 Non
365 859 435 918 licet
447 857 507 917 hoc
522 856 622 917 Cereri
637 857 828 919 dissimulare
843 874 972 920 sucrum.

182 957 234 1013 sos
248 944 348 1018 thue
362 955 459 1016 nepos
475 940 547 1000 dicti
561 947 666 1001 nostro
681 943 773 1003 modo
787 943 921 1002 carmine
932 941 1015 1023 regis

286 1024 498 1086 Cantharidum
512 1037 605 1084 sucos
621 1024 713 1084 dante
727 1032 851 1100 parente
863 1024 963 1087 bibas.

244 1113 307 1172 Aut
320 1108 371 1184 pia
386 1113 416 1168 te
432 1122 524 1168 caeso
534 1107 656 1169 dicatur
669 1108 820 1183 adultera,
840 1110 919 1170 sicut

285 1191 350 1268 Qua
363 1190 472 1252 cecidit
484 1192 607 1253 Leucon
623 1190 760 1265 vindice,
777 1191 858 1251 dicta
871 1192 922 1268 pia
937 1201 995 1254 est

244 1278 340 1353 Inque
353 1290 461 1354 pyram
474 1283 574 1336 tecum
588 1273 747 1334 carissima
760 1286 891 1350 corpora
904 1276 1013 1349 mittas,

68 1424 71 1431 ,
181 1366 234 1421 310
289 1359 383 1433 Quem
396 1357 488 1419 linem
501 1359 581 1418 uitae
596 1357 824 1433 sardanapalus
838 1357 938 1419 hahet.

167 1484 174 1495 ·
244 1444 344 1519 thue
357 1442 440 1503 Iovis
454 1440 561 1518 Libyci
574 1444 719 1518 templum
732 1442 847 1502 violare
861 1449 1013 1517 parantes,

283 1528 362 1586 Aeta
375 1530 448 1585 noto
461 1527 561 1585 vultus
576 1526 688 1585 condat
702 1541 795 1585 arena
807 1532 888 1589 tues.

243 1610 343 1686 thue
356 1614 532 1670 necatorum
545 1610 636 1670 Darei
650 1609 757 1669 hunde
772 1608 907 1682 secundi,

275 1692 339 1754 .Sic
351 1699 403 1753 tua
418 1692 583 1753 subsidens
598 1693 724 1753 devoret
739 1706 793 1753 oro
807 1691 894 1752 cinis.

177 1777 229 1832 315
242 1777 304 1837 Aut
316 1782 350 1836 ut
363 1775 501 1836 olivifera
517 1775 671 1851 quondam
686 1774 820 1851 Sicyone
833 1772 972 1850 proiecto
1026 1826 1030 1835 .

282 1859 327 1920 Sit
340 1860 434 1934 rugus
447 1858 553 1919 nmrtis
569 1873 662 1919 causa
676 1857 834 1933 famesque
847 1864 927 1918 tuae
961 1868 966 1879 ·

240 1946 302 2004 Aut
315 1949 348 2004 ut
363 1942 515 2002 Atarnites
530 1941 649 2001 insutus
662 1941 743 2016 pelle
756 1940 876 2000 iuvenci

280 2025 419 2100 Turpiter
436 2025 475 2085 ad
491 2023 645 2084 dominum
660 2023 775 2098 praeda
789 2023 886 2083 ierare
899 2031 992 2086 luunt

242 2110 403 2183 loquetae
418 2106 550 2168 lhmamo
563 2108 621 2167 ritu
638 2107 774 2181 iugulere
786 2104 921 2181 Pheraei,

176 2186 229 2243 320
285 2189 340 2263 Qui
355 2190 445 2250 delus
461 2197 508 2251 est
522 2191 582 2250 leto
598 2189 737 2264 coniugis
751 2205 826 2250 ense
840 2206 926 2251 suae.

152 2277 157 2288 '
243 2273 387 2348 Quosque
402 2278 491 2348 putas
505 2274 602 2346 lidos,
618 2280 652 2333 ut
664 2272 844 2334 Larissaeus
857 2273 974 2335 Aleuas

165 2366 168 2370 ·
281 2357 416 2416 Vulnere
429 2371 490 2430 non
505 2356 586 2421 fidos
601 2356 761 2432 experiare
774 2362 837 2416 tuo.

241 2440 341 2515 thue
353 2439 464 2513 Milon,
481 2439 614 2516 subque
630 2439 764 2500 cruciata
777 2447 825 2499 est
837 2439 909 2500 Pisa
921 2445 1064 2518 tyranno,

279 2522 377 2583 Vivus
391 2524 422 2583 in
436 2526 572 2583 occultae
588 2523 797 2600 praecipiteris
813 2539 920 2598 aquae.

174 2611 226 2689 325
240 2606 385 2683 Quaeque
398 2607 428 2665 in
442 2607 636 2666 Adimantum
650 2605 782 2666 Phliasia
795 2621 890 2681 regna
899 2611 1049 2666 tenentem
1119 2636 1162 2652 -

278 2694 307 2749 A
320 2691 394 2750 love
407 2696 568 2762 venerunt,
583 2697 614 2750 te
628 2705 752 2765 quoque
765 2691 826 2750 tela
839 2695 951 2764 petant
1013 2724 1017 2741 .

216 2803 219 2808 ·
237 2773 300 2833 Aut
312 2779 346 2833 ut
358 2773 554 2834 Amastriacis
570 2773 723 2848 quondam
739 2774 879 2833 Lenaeus
892 2771 932 2832 ab
946 2771 1010 2832 eris

276 2854 383 2916 Nudus
396 2855 534 2917 Achillea
549 2857 721 2917 destituaris
735 2855 838 2916 humo.

237 2939 339 3013 thue
352 2941 400 2998 vel
413 2939 605 3016 Eurydamas
617 2946 665 3001 ter
679 2941 789 3000 circum
804 2939 895 2999 busta
907 2937 1058 3014 Thrasylli

173 3034 226 3091 aso
278 3021 333 3082 Est
346 3022 515 3082 Larissaeis
529 3031 635 3100 raptus
651 3022 689 3083 ab
703 3024 792 3083 hoste
805 3023 890 3096 rotis,

238 3105 298 3169 Vel
313 3104 380 3180 qul,
397 3120 475 3180 quae
490 3106 587 3167 iuerat
600 3112 712 3167 tutatus
725 3105 848 3166 moenia
862 3119 967 3180 saepe,

281 3189 414 3264 corpore
429 3188 569 3249 lustravit
581 3205 643 3249 non
656 3191 800 3249 diuturna
813 3201 881 3259 suc,

237 3272 338 3347 thue
351 3287 465 3331 novum
479 3286 574 3346 passa
588 3288 688 3346 genua
701 3269 945 3345 Hippomeneide
958 3283 1085 3346 poenae*

124 3384 139 3417 ο
233 3381 239 3394 ·
276 3353 402 3415 'lractus
417 3354 447 3414 ln
461 3354 577 3412 Actaea
591 3355 685 3413 fertur
697 3352 815 3413 adulter
828 3351 931 3426 humo,

172 3443 224 3498 dea
238 3434 305 3512 Sic,
319 3436 372 3497 ubi
384 3438 449 3498 vita
461 3442 533 3497 tuoe
545 3435 647 3497 inuisa
658 3434 814 3510 reliquerit
826 3439 920 3507 artus,
