2586 3820
131 294 140 309 “
187 282 250 346 aad
561 277 814 345 rnst'oubm

307 434 345 494 Et
361 439 468 495 ueniat
485 431 515 491 in
531 446 648 491 summa
662 430 730 490 lere
744 443 888 489 cacumen
901 427 1006 490 humo.

215 533 219 539 ’
265 519 310 579 Tu
324 524 391 578 sata
404 516 556 576 sideribus
571 514 646 573 caeli
660 513 770 573 nutrita
783 512 911 573 secundi

308 601 466 673 Crescere,
481 599 553 658 dum
567 597 640 657 flant
654 595 782 656 falcibus
796 603 883 671 apta,
898 596 992 655 sinas.

206 695 256 751 915
270 686 326 746 Vis
340 691 392 745 tua
406 696 468 742 nnn
483 680 560 741 levis
574 689 630 740 est
653 682 739 754 'quae
752 685 786 739 tu
799 679 949 740 frumenta
960 680 1082 753 nometi,

309 768 444 828 Maestus
458 767 489 825 in
505 763 627 823 amissis
641 763 693 822 illa
705 763 834 823 colonus
849 762 949 822 habet
990 788 993 793 »

268 852 329 912 Nee
344 849 425 910 renti
438 854 553 908 tanturn
568 847 663 907 cereri
677 861 824 921 nocuere,
838 860 896 905 nec
909 844 1032 917 imbres,

266 982 268 989 ι
308 934 371 1001 Nec
386 933 432 993 slc
446 945 616 991 marmoreo
631 930 846 1004 pallet-adusta
859 931 944 1004 gelus

131 1073 139 1089 ,
268 1018 431 1093 Quantum,
447 1015 475 1075 si
492 1012 706 1075 elimosinam
719 1012 871 1073 incalfacit
883 1011 975 1073 udos.

204 1116 256 1170 nen
310 1100 392 1162 lianc
405 1101 492 1159 locus
508 1103 556 1157 est
568 1098 646 1170 irae,
657 1096 734 1156 dira
746 1096 895 1168 timenda,
910 1102 991 1156 tuae.

178 1174 180 1183 '
268 1185 377 1255 Parce,
392 1196 516 1258 precor,
532 1179 721 1254 scabrasque
732 1194 840 1240 manus
854 1195 874 1239 a
887 1178 1041 1240 messibus
1056 1179 1155 1252 auser,

310 1267 393 1326 Neve
407 1280 485 1325 noce
499 1264 599 1325 cultis
626 1277 721 1338 posse
734 1277 847 1322 necere
861 1270 909 1322 sot
922 1267 980 1323 est

269 1351 331 1410 Nec
345 1357 465 1409 teneras
480 1347 689 1422 separemeni
703 1346 811 1406 durum
825 1348 1010 1421 amplectere
1024 1347 1146 1423 ferrum,

312 1433 466 1507 Quodque
474 1438 576 1507 potest
589 1430 666 1490 alios
681 1429 826 1505 perdere,
841 1430 936 1506 perde
950 1428 1043 1506 prior.

194 1526 254 1583 '925
268 1516 376 1578 Utilius
391 1515 510 1590 gladios
524 1521 554 1574 et
563 1514 624 1575 tela
637 1513 778 1573 nocentia
791 1528 911 1588 carpes.

307 1599 355 1659 Nil
369 1614 445 1674 opus
452 1600 508 1659 est
521 1597 591 1657 illis
618 1590 680 1658 etia
694 1597 824 1656 mundus
841 1596 911 1671 agit.

177 1686 179 1692 ’
267 1683 393 1745 Sarcula
407 1697 498 1741 nunc
501 1681 658 1756 danisque
670 1680 780 1739 bidens
795 1686 825 1740 et
838 1694 945 1740 vomer
955 1679 1105 1754 aemam,

308 1766 398 1839 Ruris
414 1781 506 1841 opes,
521 1765 643 1824 niteant.
671 1763 1005 1839 inquinatarmasitas.
1032 1806 1034 1811 ,

269 1849 462 1924 Conatusque
476 1847 587 1923 aliquis
601 1848 711 1923 vagina
725 1847 839 1908 ducere
852 1847 981 1922 terrum
1072 1878 1075 1885 ·

203 1940 255 1996 930
308 1932 495 1993 Adstrictum
511 1930 604 2007 longa
619 1932 728 1992 sentiat
741 1936 813 1990 esse
827 1942 922 1995 mora.

267 2019 307 2078 At
319 2024 350 2081 tu
365 2031 405 2077 ne
417 2016 501 2077 viola
514 2014 669 2076 Cereremt
684 2028 868 2090 semperque
884 2015 1013 2077 colonus
1114 2034 1117 2041 ·

224 2110 226 2117 ’
307 2099 435 2160 Absenti
450 2099 549 2174 possit
562 2099 685 2159 solvere
700 2104 770 2158 vota
784 2099 863 2158 tibi,²

266 2183 396 2245 Dixerat
425 2182 566 2243 adextra
580 2182 659 2243 villis
674 2182 804 2242 mantele
818 2182 926 2243 solutis
1000 2204 1003 2213 ¹

94 2320 98 2333 ,
310 2266 444 2341 Cumque
458 2281 532 2325 marr
547 2272 598 2341 pa
599 2281 651 2326 era
663 2267 738 2325 tuns
752 2278 858 2326 acerra
871 2266 983 2327 tuit

203 2352 253 2407 935
267 2351 345 2410 Tura
359 2348 436 2409 locis
450 2349 613 2422 vinumque
628 2350 726 2421 dedit,
744 2348 900 2424 fibrasque
912 2349 1054 2424 bidentis,

306 2432 479 2508 Turpiaque
494 2431 677 2493 obscenae..
689 2432 852 2494 vidimus...
867 2441 939 2494 exta
952 2433 1047 2494 canis.

211 2516 338 2577 lum
353 2515 425 2577 mihi
442 2515 514 2576 ‘Cur
529 2516 617 2578 detur
630 2518 726 2579 sacris
740 2532 822 2580 nova
841 2517 977 2592 victima,
999 2517 1186 2592 quaerisl'...

306 2599 529 2673 Quaesieram...
544 2604 682 2660 ‘causam
696 2594 832 2676 percipe’
847 2598 957 2659 tiarnen
972 2600 1022 2660 ait.

264 2683 330 2743 ‘Est
344 2683 449 2757 Canis,
464 2682 592 2743 lc'arium
605 2682 719 2746 dicunt.
749 2698 811 2758 quo
826 2683 926 2744 sidere
940 2691 1021 2745 molo

200 2774 253 2828 940
294 2766 399 2826 'Testa
413 2766 475 2829 sitit
491 2768 595 2843 tellus,
613 2765 855 2842 praecipiturque
869 2776 971 2842 seges
1046 2796 1048 2803 ·

264 2848 321 2909 Pro
337 2864 413 2909 cane
428 2850 549 2911 sidereo
563 2849 712 2909 canishic
725 2850 892 2924 imponitur
901 2864 983 2924 arae,

304 2931 450 3006 Elquere
463 2939 583 3009 porcat,
598 2934 642 2993 nil
656 2933 715 2993 nisi
728 2946 839 2994 nomen
854 2932 991 2995 habet’

424 3145 475 3209 29.
499 3146 661 3225 senivor
704 3146 940 3213 30.Hcavn1

263 3267 337 3327 Cum
349 3267 480 3345 Phrygis
496 3269 641 3329 Assaraci
653 3269 791 3331 Tithonia
802 3269 1012 3331 tratrerelicto

305 3348 432 3411 Sustulit
444 3352 582 3411 inmenso
596 3359 642 3412 ter
657 3353 743 3413 iubar
758 3350 832 3411 orbe
847 3362 944 3425 suum,
1016 3354 1019 3359 ’
1084 3396 1088 3405 ,

114 3448 124 3457 ’
199 3429 344 3492 stellula
359 3434 441 3493 venit
454 3433 547 3495 variis
562 3431 671 3495 ilonrm
685 3436 744 3494 dea
756 3434 991 3495 nexacoronis·

306 3512 424 3577 Scaena
437 3517 497 3578 ioci
511 3532 626 3576 morem
639 3516 790 3585 liberioris
803 3515 904 3578 habel.

1267 2090 1268 2153 l

334 3062 385 3126 26.
405 3064 462 3124 DF
503 3062 629 3131 27.Εο
671 3063 1027 3129 willirannus
1267 3090 1268 3159 l
