<?xml version="1.0" encoding="UTF-8"?>
<!DOCTYPE html PUBLIC "-//W3C//DTD XHTML 1.0 Transitional//EN"
    "http://www.w3.org/TR/xhtml1/DTD/xhtml1-transitional.dtd">
<html xmlns="http://www.w3.org/1999/xhtml" xml:lang="en" lang="en">
 <head>
  <title>
</title>
<meta http-equiv="Content-Type" content="text/html;charset=utf-8" />
  <meta name='ocr-system' content='tesseract 3.04.00' />
  <meta name='ocr-capabilities' content='ocr_page ocr_carea ocr_par ocr_line ocrx_word'/>
</head>
<body>
  <div class='ocr_page' id='page_1' title='image "./povidiusnaso00merkgoog_0210.png"; bbox 0 0 2602 3816; ppageno 0'>
   <div class='ocr_carea' id='block_1_1' title="bbox 482 212 1158 292">
    <p class='ocr_par' dir='ltr' id='par_1_1' title="bbox 482 212 1158 292">
     <span class='ocr_line' id='line_1_1' title="bbox 482 212 1158 292; baseline 0.01 -15"><span class='ocrx_word' id='word_1_1' title='bbox 482 215 541 291; x_wconf 86' lang='lat' dir='ltr'><strong>lv,</strong></span> <span class='ocrx_word' id='word_1_2' title='bbox 562 212 618 290; x_wconf 67' lang='lat' dir='ltr'><strong>li,</strong></span> <span class='ocrx_word' id='word_1_3' title='bbox 640 213 758 292; x_wconf 77' lang='grc'><strong>1-18,</strong></span> <span class='ocrx_word' id='word_1_4' title='bbox 776 214 827 277; x_wconf 72' lang='lat'><strong>22</strong></span> <span class='ocrx_word' id='word_1_5' title='bbox 1098 217 1158 285; x_wconf 76' lang='lat'><strong>195</strong></span> 
     </span>
    </p>
   </div>
   <div class='ocr_carea' id='block_1_2' title="bbox 101 345 1282 1526">
    <p class='ocr_par' dir='ltr' id='par_1_2' title="bbox 101 345 1282 1526">
     <span class='ocr_line' id='line_1_2' title="bbox 101 345 982 444; baseline -0.001 -15"><span class='ocrx_word' id='word_1_6' title='bbox 101 345 111 367; x_wconf 74' lang='lat'>&#39;</span> <span class='ocrx_word' id='word_1_7' title='bbox 231 363 329 444; x_wconf 78' lang='lat' dir='ltr'><strong>&#39;Quam</strong></span> <span class='ocrx_word' id='word_1_8' title='bbox 341 373 394 431; x_wconf 82' lang='lat' dir='ltr'><strong>tue</strong></span> <span class='ocrx_word' id='word_1_9' title='bbox 410 367 471 429; x_wconf 83' lang='lat' dir='ltr'><strong>sint</strong></span> <span class='ocrx_word' id='word_1_10' title='bbox 484 367 573 443; x_wconf 80' lang='lat' dir='ltr'><strong>lapso</strong></span> <span class='ocrx_word' id='word_1_11' title='bbox 588 367 769 443; x_wconf 81' lang='lat' dir='ltr'><strong>praecordia</strong></span> <span class='ocrx_word' id='word_1_12' title='bbox 782 366 860 429; x_wconf 84' lang='lat' dir='ltr'><strong>dura</strong></span> <span class='ocrx_word' id='word_1_13' title='bbox 871 367 982 433; x_wconf 77' lang='lat' dir='ltr'><strong>solui.</strong></span> 
     </span>
     <span class='ocr_line' id='line_1_3' title="bbox 273 449 983 534; baseline 0.006 -23"><span class='ocrx_word' id='word_1_14' title='bbox 273 452 330 511; x_wconf 89' lang='lat' dir='ltr'><strong>Hic</strong></span> <span class='ocrx_word' id='word_1_15' title='bbox 344 453 482 513; x_wconf 87' lang='lat' dir='ltr'><strong>cumulus</strong></span> <span class='ocrx_word' id='word_1_16' title='bbox 496 451 610 513; x_wconf 83' lang='lat' dir='ltr'><strong>nostris</strong></span> <span class='ocrx_word' id='word_1_17' title='bbox 624 449 703 517; x_wconf 76' lang='lat' dir='ltr'><strong>elisit</strong></span> <span class='ocrx_word' id='word_1_18' title='bbox 717 450 983 534; x_wconf 74' lang='lat' dir='ltr'><strong>abestquemalis.·</strong></span> 
     </span>
     <span class='ocr_line' id='line_1_4' title="bbox 233 534 1092 617; baseline 0 -21"><span class='ocrx_word' id='word_1_19' title='bbox 233 537 278 596; x_wconf 80' lang='lat' dir='ltr'><strong>Tu</strong></span> <span class='ocrx_word' id='word_1_20' title='bbox 292 534 384 610; x_wconf 80' lang='lat' dir='ltr'>modo</span> <span class='ocrx_word' id='word_1_21' title='bbox 400 549 456 617; x_wconf 86' lang='lat' dir='ltr'><strong>per</strong></span> <span class='ocrx_word' id='word_1_22' title='bbox 470 549 616 609; x_wconf 66' lang='lat' dir='ltr'><strong>superne·</strong></span> <span class='ocrx_word' id='word_1_23' title='bbox 629 548 758 609; x_wconf 78' lang='lat' dir='ltr'><strong>quntum</strong></span> <span class='ocrx_word' id='word_1_24' title='bbox 771 534 957 601; x_wconf 82' lang='lat' dir='ltr'><strong>certissimus</strong></span> <span class='ocrx_word' id='word_1_25' title='bbox 971 535 1022 596; x_wconf 89' lang='lat' dir='ltr'><strong>ille</strong></span> <span class='ocrx_word' id='word_1_26' title='bbox 1035 543 1092 609; x_wconf 83' lang='lat' dir='ltr'><strong>est,</strong></span> 
     </span>
     <span class='ocr_line' id='line_1_5' title="bbox 193 617 948 692; baseline -0.008 -10"><span class='ocrx_word' id='word_1_27' title='bbox 193 628 229 682; x_wconf 81' lang='lat'><strong>40</strong></span> <span class='ocrx_word' id='word_1_28' title='bbox 280 618 346 692; x_wconf 82' lang='lat' dir='ltr'><strong>Quo</strong></span> <span class='ocrx_word' id='word_1_29' title='bbox 359 624 431 678; x_wconf 90' lang='lat' dir='ltr'><strong>tuus</strong></span> <span class='ocrx_word' id='word_1_30' title='bbox 444 618 571 681; x_wconf 77' lang='lat' dir='ltr'><strong>assidue</strong></span> <span class='ocrx_word' id='word_1_31' title='bbox 583 617 721 692; x_wconf 83' lang='lat' dir='ltr'><strong>principe</strong></span> <span class='ocrx_word' id='word_1_32' title='bbox 730 617 831 681; x_wconf 71' lang='lat' dir='ltr'><strong>¹crevit</strong></span> <span class='ocrx_word' id='word_1_33' title='bbox 841 618 948 691; x_wconf 72' lang='lat' dir='ltr'><strong>honor,</strong></span> 
     </span>
     <span class='ocr_line' id='line_1_6' title="bbox 234 689 931 776; baseline -0.001 -15"><span class='ocrx_word' id='word_1_34' title='bbox 234 701 331 764; x_wconf 75' lang='lat' dir='ltr'><strong>Effice</strong></span> <span class='ocrx_word' id='word_1_35' title='bbox 344 701 495 761; x_wconf 71' lang='lat' dir='ltr'><strong>constanti</strong></span> <span class='ocrx_word' id='word_1_36' title='bbox 509 700 670 776; x_wconf 74' lang='lat' dir='ltr'><strong>profugum</strong></span> <span class='ocrx_word' id='word_1_37' title='bbox 684 701 796 774; x_wconf 75' lang='lat' dir='ltr'><strong>pietate</strong></span> <span class='ocrx_word' id='word_1_38' title='bbox 809 689 931 775; x_wconf 74' lang='lat' dir='ltr'><strong>munde,</strong></span> 
     </span>
     <span class='ocr_line' id='line_1_7' title="bbox 274 783 907 860; baseline 0.002 -16"><span class='ocrx_word' id='word_1_39' title='bbox 274 785 318 844; x_wconf 89' lang='lat' dir='ltr'><strong>Ne</strong></span> <span class='ocrx_word' id='word_1_40' title='bbox 332 790 454 860; x_wconf 82' lang='lat' dir='ltr'><strong>sperata</strong></span> <span class='ocrx_word' id='word_1_41' title='bbox 467 783 702 845; x_wconf 78' lang='lat' dir='ltr'><strong>mecm-deseret</strong></span> <span class='ocrx_word' id='word_1_42' title='bbox 712 799 789 844; x_wconf 76' lang='lat' dir='ltr'><strong>aura</strong></span> <span class='ocrx_word' id='word_1_43' title='bbox 800 791 907 845; x_wconf 82' lang='lat' dir='ltr'><strong>ratem.</strong></span> 
     </span>
     <span class='ocr_line' id='line_1_8' title="bbox 236 866 1246 948; baseline -0.001 -21"><span class='ocrx_word' id='word_1_44' title='bbox 236 867 314 943; x_wconf 78' lang='lat' dir='ltr'><strong>Quid</strong></span> <span class='ocrx_word' id='word_1_45' title='bbox 326 867 482 942; x_wconf 76' lang='lat' dir='ltr'><strong>mandem,</strong></span> <span class='ocrx_word' id='word_1_46' title='bbox 503 866 647 942; x_wconf 73' lang='lat' dir='ltr'><strong>quaeris?</strong></span> <span class='ocrx_word' id='word_1_47' title='bbox 667 881 804 941; x_wconf 80' lang='lat' dir='ltr'>peream,</span> <span class='ocrx_word' id='word_1_48' title='bbox 826 867 887 929; x_wconf 86' lang='lat' dir='ltr'><strong>nisi</strong></span> <span class='ocrx_word' id='word_1_49' title='bbox 900 867 1001 929; x_wconf 84' lang='lat' dir='ltr'><strong>dicere</strong></span> <span class='ocrx_word' id='word_1_50' title='bbox 1012 867 1067 939; x_wconf 23' lang='lat' dir='ltr'><strong>&#39;rix</strong></span> <span class='ocrx_word' id='word_1_51' title='bbox 1081 875 1156 926; x_wconf 88' lang='lat' dir='ltr'><strong>est...</strong></span> <span class='ocrx_word' id='word_1_52' title='bbox 1235 904 1246 948; x_wconf 78' lang='lat'><strong>,·</strong></span> 
     </span>
     <span class='ocr_line' id='line_1_9' title="bbox 277 949 1102 1029; baseline -0.007 -18"><span class='ocrx_word' id='word_1_53' title='bbox 277 950 310 1011; x_wconf 82' lang='lat' dir='ltr'><strong>si</strong></span> <span class='ocrx_word' id='word_1_54' title='bbox 322 950 425 1023; x_wconf 88' lang='lat' dir='ltr'>modo,</span> <span class='ocrx_word' id='word_1_55' title='bbox 445 950 499 1025; x_wconf 86' lang='lat' dir='ltr'><strong>qui</strong></span> <span class='ocrx_word' id='word_1_56' title='bbox 513 950 609 1026; x_wconf 83' lang='lat' dir='ltr'><strong>periit,</strong></span> <span class='ocrx_word' id='word_1_57' title='bbox 620 980 626 1029; x_wconf 73' lang='lat'>1</span> <span class='ocrx_word' id='word_1_58' title='bbox 632 949 683 1016; x_wconf 89' lang='lat' dir='ltr'><strong>ille</strong></span> <span class='ocrx_word' id='word_1_59' title='bbox 699 949 802 1025; x_wconf 86' lang='lat' dir='ltr'><strong>perire·</strong></span> <span class='ocrx_word' id='word_1_60' title='bbox 813 957 923 1025; x_wconf 81' lang='lat' dir='ltr'><strong>potest</strong></span> <span class='ocrx_word' id='word_1_61' title='bbox 1100 1000 1102 1005; x_wconf 90' lang='lat'><em>.</em></span> 
     </span>
     <span class='ocr_line' id='line_1_10' title="bbox 194 1033 1155 1110; baseline -0.007 -10"><span class='ocrx_word' id='word_1_62' title='bbox 194 1034 309 1106; x_wconf 81' lang='lat' dir='ltr'><strong>45Nec‚</strong></span> <span class='ocrx_word' id='word_1_63' title='bbox 332 1035 515 1110; x_wconf 74' lang='lat' dir='ltr'><strong>quid-egum,</strong></span> <span class='ocrx_word' id='word_1_64' title='bbox 536 1033 668 1105; x_wconf 83' lang='lat' dir='ltr'><strong>invenio,</strong></span> <span class='ocrx_word' id='word_1_65' title='bbox 690 1047 747 1093; x_wconf 88' lang='lat' dir='ltr'><strong>nec</strong></span> <span class='ocrx_word' id='word_1_66' title='bbox 762 1033 838 1107; x_wconf 78' lang='lat' dir='ltr'><strong>quin</strong></span> <span class='ocrx_word' id='word_1_67' title='bbox 849 1034 982 1097; x_wconf 84' lang='lat' dir='ltr'><strong>nolimve</strong></span> <span class='ocrx_word' id='word_1_68' title='bbox 993 1034 1155 1107; x_wconf 73' lang='lat' dir='ltr'><strong>velisne,-</strong></span> 
     </span>
     <span class='ocr_line' id='line_1_11' title="bbox 274 1116 920 1179; baseline 0.003 -2"><span class='ocrx_word' id='word_1_69' title='bbox 274 1118 336 1178; x_wconf 85' lang='lat' dir='ltr'><strong>Nec</strong></span> <span class='ocrx_word' id='word_1_70' title='bbox 350 1119 426 1178; x_wconf 82' lang='lat' dir='ltr'><strong>satis</strong></span> <span class='ocrx_word' id='word_1_71' title='bbox 439 1119 552 1179; x_wconf 74' lang='lat' dir='ltr'><strong>utilius</strong></span> <span class='ocrx_word' id='word_1_72' title='bbox 566 1124 614 1179; x_wconf 84' lang='lat' dir='ltr'><strong>est</strong></span> <span class='ocrx_word' id='word_1_73' title='bbox 627 1130 695 1176; x_wconf 83' lang='lat' dir='ltr'><strong>men</strong></span> <span class='ocrx_word' id='word_1_74' title='bbox 708 1122 781 1176; x_wconf 80' lang='lat' dir='ltr'><strong>nete</strong></span> <span class='ocrx_word' id='word_1_75' title='bbox 793 1116 875 1177; x_wconf 81' lang='lat' dir='ltr'><strong>milri</strong></span> <span class='ocrx_word' id='word_1_76' title='bbox 909 1148 920 1179; x_wconf 68' lang='lat' dir='ltr'><strong>t</strong></span> 
     </span>
     <span class='ocr_line' id='line_1_12' title="bbox 236 1190 1282 1290; baseline 0.001 -30"><span class='ocrx_word' id='word_1_77' title='bbox 236 1200 334 1262; x_wconf 85' lang='lat' dir='ltr'><strong>crede</strong></span> <span class='ocrx_word' id='word_1_78' title='bbox 347 1201 429 1273; x_wconf 77' lang='lat' dir='ltr'><strong>milri</strong></span> <span class='ocrx_word' id='word_1_79' title='bbox 450 1203 580 1263; x_wconf 84' lang='lat' dir='ltr'><strong>miseros</strong></span> <span class='ocrx_word' id='word_1_80' title='bbox 590 1190 756 1275; x_wconf 77' lang='lat' dir='ltr'><strong>·prud‘entia</strong></span> <span class='ocrx_word' id='word_1_81' title='bbox 768 1200 866 1274; x_wconf 79' lang='lat' dir='ltr'><strong>prima</strong></span> <span class='ocrx_word' id='word_1_82' title='bbox 880 1199 1030 1276; x_wconf 78' lang='lat' dir='ltr'><strong>relinquit,</strong></span> <span class='ocrx_word' id='word_1_83' title='bbox 1050 1193 1187 1290; x_wconf 40' lang='grc' dir='ltr'><strong>ὀξὺζ·</strong></span> <span class='ocrx_word' id='word_1_84' title='bbox 1209 1192 1268 1233; x_wconf 61' lang='grc' dir='ltr'><em>Μ</em></span> <span class='ocrx_word' id='word_1_85' title='bbox 1276 1223 1282 1231; x_wconf 91' lang='lat'><strong>·</strong></span> 
     </span>
     <span class='ocr_line' id='line_1_13' title="bbox 275 1251 1220 1363; baseline -0.002 -19"><span class='ocrx_word' id='word_1_86' title='bbox 275 1284 313 1344; x_wconf 82' lang='lat' dir='ltr'><strong>Et</strong></span> <span class='ocrx_word' id='word_1_87' title='bbox 326 1300 436 1345; x_wconf 83' lang='lat' dir='ltr'><strong>sensus</strong></span> <span class='ocrx_word' id='word_1_88' title='bbox 451 1302 519 1346; x_wconf 89' lang='lat' dir='ltr'><strong>curn</strong></span> <span class='ocrx_word' id='word_1_89' title='bbox 532 1300 567 1347; x_wconf 89' lang='lat' dir='ltr'><strong>re</strong></span> <span class='ocrx_word' id='word_1_90' title='bbox 581 1283 802 1355; x_wconf 77' lang='lat' dir='ltr'><strong>consiliumque</strong></span> <span class='ocrx_word' id='word_1_91' title='bbox 816 1284 900 1357; x_wconf 83' lang='lat' dir='ltr'><strong>fugit.</strong></span> <span class='ocrx_word' id='word_1_92' title='bbox 951 1302 965 1317; x_wconf 82' lang='lat'><strong>··</strong></span> <span class='ocrx_word' id='word_1_93' title='bbox 1089 1251 1174 1310; x_wconf 60' lang='lat'>&#39;‘7&#39;&#39;</span> <span class='ocrx_word' id='word_1_94' title='bbox 1212 1352 1220 1363; x_wconf 39' lang='grc'><strong>,</strong></span> 
     </span>
     <span class='ocr_line' id='line_1_14' title="bbox 236 1365 1112 1444; baseline 0.003 -18"><span class='ocrx_word' id='word_1_95' title='bbox 236 1368 316 1443; x_wconf 88' lang='lat' dir='ltr'><strong>ipse,</strong></span> <span class='ocrx_word' id='word_1_96' title='bbox 338 1383 457 1442; x_wconf 81' lang='lat' dir='ltr'><strong>precor,</strong></span> <span class='ocrx_word' id='word_1_97' title='bbox 479 1383 619 1444; x_wconf 79' lang='lat' dir='ltr'><strong>questus,</strong></span> <span class='ocrx_word' id='word_1_98' title='bbox 642 1382 702 1440; x_wconf 82' lang='lat' dir='ltr'><strong>qua</strong></span> <span class='ocrx_word' id='word_1_99' title='bbox 716 1366 774 1426; x_wconf 87' lang='lat' dir='ltr'><strong>sirn</strong></span> <span class='ocrx_word' id='word_1_100' title='bbox 787 1365 840 1427; x_wconf 88' lang='lat' dir='ltr'><strong>tibi</strong></span> <span class='ocrx_word' id='word_1_101' title='bbox 855 1373 941 1441; x_wconf 85' lang='lat' dir='ltr'><strong>perte</strong></span> <span class='ocrx_word' id='word_1_102' title='bbox 954 1367 1112 1442; x_wconf 80' lang='lat' dir='ltr'><strong>iurandus,</strong></span> 
     </span>
     <span class='ocr_line' id='line_1_15' title="bbox 196 1450 945 1526; baseline -0.005 -13"><span class='ocrx_word' id='word_1_103' title='bbox 196 1461 231 1513; x_wconf 81' lang='lat'><strong>50</strong></span> <span class='ocrx_word' id='word_1_104' title='bbox 281 1450 409 1526; x_wconf 80' lang='lat' dir='ltr'><strong>Quoque</strong></span> <span class='ocrx_word' id='word_1_105' title='bbox 424 1450 617 1512; x_wconf 80' lang='lat' dir='ltr'><strong>viannlccins</strong></span> <span class='ocrx_word' id='word_1_106' title='bbox 632 1450 672 1508; x_wconf 84' lang='lat' dir='ltr'><strong>nd</strong></span> <span class='ocrx_word' id='word_1_107' title='bbox 686 1465 757 1511; x_wconf 83' lang='lat' dir='ltr'><strong>mee</strong></span> <span class='ocrx_word' id='word_1_108' title='bbox 769 1456 842 1515; x_wconf 78' lang='lat' dir='ltr'><strong>treta</strong></span> <span class='ocrx_word' id='word_1_109' title='bbox 854 1450 945 1510; x_wconf 82' lang='lat' dir='ltr'><strong>vado.</strong></span> 
     </span>
    </p>
   </div>
   <div class='ocr_carea' id='block_1_3' title="bbox 162 1556 452 1657">
    <p class='ocr_par' dir='ltr' id='par_1_3' title="bbox 162 1556 452 1657">
     <span class='ocr_line' id='line_1_16' title="bbox 162 1556 452 1657; baseline 0 -2"><span class='ocrx_word' id='word_1_110' title='bbox 162 1561 227 1655; x_wconf 82' lang='lat' dir='ltr'><strong>tt.</strong></span> <span class='ocrx_word' id='word_1_111' title='bbox 282 1556 452 1657; x_wconf 53' lang='lat' dir='ltr'><strong>cenos</strong></span> 
     </span>
    </p>
   </div>
   <div class='ocr_carea' id='block_1_4' title="bbox 193 1675 1102 3455">
    <p class='ocr_par' dir='ltr' id='par_1_4' title="bbox 193 1675 1102 3455">
     <span class='ocr_line' id='line_1_17' title="bbox 242 1675 1006 1785; baseline 0.001 -13"><span class='ocrx_word' id='word_1_112' title='bbox 242 1675 359 1772; x_wconf 75' lang='lat' dir='ltr'><strong>(imin</strong></span> <span class='ocrx_word' id='word_1_113' title='bbox 374 1726 435 1771; x_wconf 79' lang='lat' dir='ltr'><strong>non</strong></span> <span class='ocrx_word' id='word_1_114' title='bbox 449 1710 559 1772; x_wconf 75' lang='lat' dir='ltr'><strong>rubros</strong></span> <span class='ocrx_word' id='word_1_115' title='bbox 574 1712 651 1772; x_wconf 71' lang='lat' dir='ltr'><strong>inter</strong></span> <span class='ocrx_word' id='word_1_116' title='bbox 663 1710 859 1772; x_wconf 74' lang='lat' dir='ltr'><strong>memorande</strong></span> <span class='ocrx_word' id='word_1_117' title='bbox 872 1710 1006 1785; x_wconf 77' lang='lat' dir='ltr'><strong>sonares,</strong></span> 
     </span>
     <span class='ocr_line' id='line_1_18' title="bbox 213 1795 1004 1871; baseline -0.005 -15"><span class='ocrx_word' id='word_1_118' title='bbox 213 1808 220 1827; x_wconf 80' lang='lat'><strong><em>¹</em></strong></span> <span class='ocrx_word' id='word_1_119' title='bbox 281 1796 406 1871; x_wconf 79' lang='lat' dir='ltr'>Quique,</span> <span class='ocrx_word' id='word_1_120' title='bbox 429 1796 561 1870; x_wconf 78' lang='lat' dir='ltr'><strong>quoles</strong></span> <span class='ocrx_word' id='word_1_121' title='bbox 576 1810 656 1870; x_wconf 88' lang='lat' dir='ltr'><strong>vere,</strong></span> <span class='ocrx_word' id='word_1_122' title='bbox 679 1796 764 1869; x_wconf 75' lang='lat' dir='ltr'><strong>Cure·</strong></span> <span class='ocrx_word' id='word_1_123' title='bbox 783 1795 914 1869; x_wconf 87' lang='lat' dir='ltr'><strong>vocaris,</strong></span> <span class='ocrx_word' id='word_1_124' title='bbox 936 1809 1004 1855; x_wconf 84' lang='lat' dir='ltr'><strong>ave.</strong></span> 
     </span>
     <span class='ocr_line' id='line_1_19' title="bbox 239 1878 984 1955; baseline -0.004 -16"><span class='ocrx_word' id='word_1_125' title='bbox 239 1878 328 1940; x_wconf 86' lang='lat' dir='ltr'><strong>Unde</strong></span> <span class='ocrx_word' id='word_1_126' title='bbox 342 1879 490 1952; x_wconf 77' lang='lat' dir='ltr'><strong>saluteris,</strong></span> <span class='ocrx_word' id='word_1_127' title='bbox 512 1880 598 1940; x_wconf 89' lang='lat' dir='ltr'><strong>color</strong></span> <span class='ocrx_word' id='word_1_128' title='bbox 609 1878 659 1939; x_wconf 90' lang='lat' dir='ltr'><strong>hic</strong></span> <span class='ocrx_word' id='word_1_129' title='bbox 672 1880 726 1940; x_wconf 89' lang='lat' dir='ltr'><strong>tibi</strong></span> <span class='ocrx_word' id='word_1_130' title='bbox 741 1878 878 1955; x_wconf 81' lang='lat' dir='ltr'><strong>protinus</strong></span> <span class='ocrx_word' id='word_1_131' title='bbox 891 1878 984 1939; x_wconf 83' lang='lat' dir='ltr'>index</span> 
     </span>
     <span class='ocr_line' id='line_1_20' title="bbox 278 1962 920 2037; baseline -0.003 -14"><span class='ocrx_word' id='word_1_132' title='bbox 278 1962 316 2023; x_wconf 86' lang='lat' dir='ltr'><strong>Et</strong></span> <span class='ocrx_word' id='word_1_133' title='bbox 329 1970 479 2023; x_wconf 82' lang='lat' dir='ltr'><strong>structura</strong></span> <span class='ocrx_word' id='word_1_134' title='bbox 492 1964 553 2022; x_wconf 87' lang='lat' dir='ltr'><strong>mei</strong></span> <span class='ocrx_word' id='word_1_135' title='bbox 565 1964 706 2023; x_wconf 76' lang='lat' dir='ltr'><strong>carminis</strong></span> <span class='ocrx_word' id='word_1_136' title='bbox 722 1978 795 2023; x_wconf 83' lang='lat' dir='ltr'><strong>esse</strong></span> <span class='ocrx_word' id='word_1_137' title='bbox 810 1968 920 2037; x_wconf 82' lang='lat' dir='ltr'><strong>potest</strong></span> 
     </span>
     <span class='ocr_line' id='line_1_21' title="bbox 210 2044 1090 2122; baseline -0.008 -12"><span class='ocrx_word' id='word_1_138' title='bbox 210 2046 304 2110; x_wconf 80' lang='lat' dir='ltr'><strong>5Non</strong></span> <span class='ocrx_word' id='word_1_139' title='bbox 320 2046 392 2122; x_wconf 84' lang='lat' dir='ltr'><strong>quie</strong></span> <span class='ocrx_word' id='word_1_140' title='bbox 402 2046 528 2107; x_wconf 81' lang='lat' dir='ltr'><strong>mirifica</strong></span> <span class='ocrx_word' id='word_1_141' title='bbox 541 2053 596 2120; x_wconf 80' lang='lat' dir='ltr'><strong>est,</strong></span> <span class='ocrx_word' id='word_1_142' title='bbox 618 2047 675 2106; x_wconf 88' lang='lat' dir='ltr'><strong>sed</strong></span> <span class='ocrx_word' id='word_1_143' title='bbox 689 2047 773 2122; x_wconf 86' lang='lat' dir='ltr'><strong>qued</strong></span> <span class='ocrx_word' id='word_1_144' title='bbox 786 2060 844 2105; x_wconf 89' lang='lat' dir='ltr'><strong>nec</strong></span> <span class='ocrx_word' id='word_1_145' title='bbox 858 2044 981 2121; x_wconf 84' lang='lat' dir='ltr'><strong>publica</strong></span> <span class='ocrx_word' id='word_1_146' title='bbox 994 2052 1090 2107; x_wconf 71' lang='lat' dir='ltr'><strong>certer</strong></span> 
     </span>
     <span class='ocr_line' id='line_1_22' title="bbox 280 2129 1066 2210; baseline -0.003 -21"><span class='ocrx_word' id='word_1_147' title='bbox 280 2129 383 2204; x_wconf 82' lang='lat' dir='ltr'><strong>Qualis</strong></span> <span class='ocrx_word' id='word_1_148' title='bbox 399 2130 478 2189; x_wconf 89' lang='lat' dir='ltr'><strong>enim</strong></span> <span class='ocrx_word' id='word_1_149' title='bbox 492 2144 621 2204; x_wconf 86' lang='lat' dir='ltr'><strong>cumque</strong></span> <span class='ocrx_word' id='word_1_150' title='bbox 635 2138 690 2203; x_wconf 73' lang='lat' dir='ltr'><strong>est,</strong></span> <span class='ocrx_word' id='word_1_151' title='bbox 711 2145 773 2190; x_wconf 88' lang='lat' dir='ltr'><strong>non</strong></span> <span class='ocrx_word' id='word_1_152' title='bbox 787 2130 859 2190; x_wconf 83' lang='lat' dir='ltr'><strong>latet</strong></span> <span class='ocrx_word' id='word_1_153' title='bbox 872 2145 944 2189; x_wconf 88' lang='lat' dir='ltr'><strong>esse</strong></span> <span class='ocrx_word' id='word_1_154' title='bbox 958 2145 1066 2210; x_wconf 72' lang='lat' dir='ltr'><strong>menn.</strong></span> 
     </span>
     <span class='ocr_line' id='line_1_23' title="bbox 238 2212 1091 2290; baseline 0.005 -18"><span class='ocrx_word' id='word_1_155' title='bbox 238 2212 310 2288; x_wconf 86' lang='lat' dir='ltr'><strong>Ipse</strong></span> <span class='ocrx_word' id='word_1_156' title='bbox 325 2227 455 2287; x_wconf 81' lang='lat' dir='ltr'><strong>quoque,</strong></span> <span class='ocrx_word' id='word_1_157' title='bbox 476 2221 510 2273; x_wconf 83' lang='lat' dir='ltr'><strong>ut</strong></span> <span class='ocrx_word' id='word_1_158' title='bbox 523 2214 645 2274; x_wconf 78' lang='lat' dir='ltr'><strong>chartae</strong></span> <span class='ocrx_word' id='word_1_159' title='bbox 656 2214 774 2274; x_wconf 85' lang='lat' dir='ltr'><strong>titulum</strong></span> <span class='ocrx_word' id='word_1_160' title='bbox 786 2214 826 2273; x_wconf 89' lang='lat' dir='ltr'><strong>de</strong></span> <span class='ocrx_word' id='word_1_161' title='bbox 840 2214 939 2274; x_wconf 78' lang='lat' dir='ltr'><strong>fronte</strong></span> <span class='ocrx_word' id='word_1_162' title='bbox 951 2215 1091 2290; x_wconf 80' lang='lat' dir='ltr'><strong>revellas,</strong></span> 
     </span>
     <span class='ocr_line' id='line_1_24' title="bbox 279 2295 1002 2374; baseline 0.004 -20"><span class='ocrx_word' id='word_1_163' title='bbox 279 2295 367 2369; x_wconf 79' lang='lat' dir='ltr'><strong>Quod</strong></span> <span class='ocrx_word' id='word_1_164' title='bbox 381 2296 420 2355; x_wconf 87' lang='lat' dir='ltr'><strong>sit</strong></span> <span class='ocrx_word' id='word_1_165' title='bbox 434 2310 527 2371; x_wconf 89' lang='lat' dir='ltr'><strong>opus,</strong></span> <span class='ocrx_word' id='word_1_166' title='bbox 545 2298 654 2358; x_wconf 86' lang='lat' dir='ltr'><strong>videor</strong></span> <span class='ocrx_word' id='word_1_167' title='bbox 668 2299 769 2358; x_wconf 83' lang='lat' dir='ltr'><strong>dicere</strong></span> <span class='ocrx_word' id='word_1_168' title='bbox 784 2312 887 2374; x_wconf 64' lang='lat' dir='ltr'><strong>pesse,</strong></span> <span class='ocrx_word' id='word_1_169' title='bbox 908 2305 1002 2359; x_wconf 87' lang='lat' dir='ltr'><strong>tuum.</strong></span> 
     </span>
     <span class='ocr_line' id='line_1_25' title="bbox 240 2379 974 2456; baseline 0.005 -17"><span class='ocrx_word' id='word_1_170' title='bbox 240 2379 407 2454; x_wconf 80' lang='lat' dir='ltr'><strong>Quamlibet</strong></span> <span class='ocrx_word' id='word_1_171' title='bbox 419 2379 450 2437; x_wconf 90' lang='lat' dir='ltr'><strong>in</strong></span> <span class='ocrx_word' id='word_1_172' title='bbox 464 2380 564 2441; x_wconf 83' lang='lat' dir='ltr'><strong>multis</strong></span> <span class='ocrx_word' id='word_1_173' title='bbox 579 2383 697 2455; x_wconf 83' lang='lat' dir='ltr'><strong>pesitus</strong></span> <span class='ocrx_word' id='word_1_174' title='bbox 712 2397 841 2442; x_wconf 86' lang='lat' dir='ltr'><strong>noscere</strong></span> <span class='ocrx_word' id='word_1_175' title='bbox 855 2381 974 2456; x_wconf 83' lang='lat' dir='ltr'><strong>libellis,</strong></span> 
     </span>
     <span class='ocr_line' id='line_1_26' title="bbox 193 2462 891 2537; baseline 0.004 -15"><span class='ocrx_word' id='word_1_176' title='bbox 193 2466 230 2522; x_wconf 79' lang='lat'><strong>10</strong></span> <span class='ocrx_word' id='word_1_177' title='bbox 278 2462 396 2537; x_wconf 83' lang='lat' dir='ltr'>Perque</span> <span class='ocrx_word' id='word_1_178' title='bbox 410 2462 587 2523; x_wconf 77' lang='lat' dir='ltr'><strong>observatas</strong></span> <span class='ocrx_word' id='word_1_179' title='bbox 601 2465 756 2524; x_wconf 85' lang='lat' dir='ltr'><strong>inveniere</strong></span> <span class='ocrx_word' id='word_1_180' title='bbox 769 2472 872 2525; x_wconf 81' lang='lat' dir='ltr'><strong>notes..</strong></span> <span class='ocrx_word' id='word_1_181' title='bbox 887 2486 891 2497; x_wconf 93' lang='lat'>·</span> 
     </span>
     <span class='ocr_line' id='line_1_27' title="bbox 237 2545 1003 2622; baseline 0.003 -18"><span class='ocrx_word' id='word_1_182' title='bbox 237 2545 369 2605; x_wconf 89' lang='lat' dir='ltr'><strong>Prodcnt</strong></span> <span class='ocrx_word' id='word_1_183' title='bbox 381 2554 535 2605; x_wconf 82' lang='lat' dir='ltr'><strong>auctorem</strong></span> <span class='ocrx_word' id='word_1_184' title='bbox 548 2548 639 2621; x_wconf 88' lang='lat' dir='ltr'><strong>vires,</strong></span> <span class='ocrx_word' id='word_1_185' title='bbox 662 2564 739 2622; x_wconf 84' lang='lat' dir='ltr'><strong>quas</strong></span> <span class='ocrx_word' id='word_1_186' title='bbox 753 2548 882 2608; x_wconf 89' lang='lat' dir='ltr'><strong>Hercule</strong></span> <span class='ocrx_word' id='word_1_187' title='bbox 896 2549 1003 2622; x_wconf 81' lang='lat' dir='ltr'><strong>dignas</strong></span> 
     </span>
     <span class='ocr_line' id='line_1_28' title="bbox 278 2629 1019 2705; baseline 0 -17"><span class='ocrx_word' id='word_1_188' title='bbox 278 2629 424 2690; x_wconf 88' lang='lat' dir='ltr'><strong>Novimus</strong></span> <span class='ocrx_word' id='word_1_189' title='bbox 439 2634 529 2705; x_wconf 81' lang='lat' dir='ltr'><strong>etque</strong></span> <span class='ocrx_word' id='word_1_190' title='bbox 543 2631 594 2703; x_wconf 89' lang='lat' dir='ltr'><strong>illi,</strong></span> <span class='ocrx_word' id='word_1_191' title='bbox 614 2646 705 2705; x_wconf 86' lang='lat' dir='ltr'><strong>quem</strong></span> <span class='ocrx_word' id='word_1_192' title='bbox 718 2633 813 2703; x_wconf 79' lang='lat' dir='ltr'><strong>cunis,</strong></span> <span class='ocrx_word' id='word_1_193' title='bbox 835 2645 906 2690; x_wconf 87' lang='lat' dir='ltr'><strong>esse</strong></span> <span class='ocrx_word' id='word_1_194' title='bbox 918 2646 1019 2705; x_wconf 85' lang='lat' dir='ltr'><strong>pares.</strong></span> 
     </span>
     <span class='ocr_line' id='line_1_29' title="bbox 237 2712 1008 2789; baseline 0.001 -18"><span class='ocrx_word' id='word_1_195' title='bbox 237 2712 276 2771; x_wconf 83' lang='lat' dir='ltr'><strong>Et</strong></span> <span class='ocrx_word' id='word_1_196' title='bbox 288 2727 356 2772; x_wconf 87' lang='lat' dir='ltr'><strong>mea</strong></span> <span class='ocrx_word' id='word_1_197' title='bbox 369 2712 459 2773; x_wconf 83' lang='lat' dir='ltr'><strong>Musa</strong></span> <span class='ocrx_word' id='word_1_198' title='bbox 473 2718 574 2787; x_wconf 87' lang='lat' dir='ltr'><strong>potest</strong></span> <span class='ocrx_word' id='word_1_199' title='bbox 588 2717 712 2789; x_wconf 87' lang='lat' dir='ltr'><strong>proprio</strong></span> <span class='ocrx_word' id='word_1_200' title='bbox 729 2715 881 2788; x_wconf 80' lang='lat' dir='ltr'><strong>deprensa</strong></span> <span class='ocrx_word' id='word_1_201' title='bbox 896 2714 1008 2787; x_wconf 78' lang='lat' dir='ltr'><strong>colore,</strong></span> 
     </span>
     <span class='ocr_line' id='line_1_30' title="bbox 265 2795 1102 2879; baseline -0.002 -23"><span class='ocrx_word' id='word_1_202' title='bbox 265 2795 409 2873; x_wconf 48' lang='lat' dir='ltr'><strong>¹Insignis</strong></span> <span class='ocrx_word' id='word_1_203' title='bbox 424 2796 507 2856; x_wconf 85' lang='lat' dir='ltr'><strong>viliis·</strong></span> <span class='ocrx_word' id='word_1_204' title='bbox 519 2796 646 2856; x_wconf 81' lang='lat' dir='ltr'><strong>forsitan</strong></span> <span class='ocrx_word' id='word_1_205' title='bbox 664 2812 735 2856; x_wconf 89' lang='lat' dir='ltr'><strong>esse</strong></span> <span class='ocrx_word' id='word_1_206' title='bbox 751 2796 826 2856; x_wconf 87' lang='lat' dir='ltr'><strong>suis.</strong></span> <span class='ocrx_word' id='word_1_207' title='bbox 861 2811 865 2825; x_wconf 63' lang='lat'>*</span> <span class='ocrx_word' id='word_1_208' title='bbox 1099 2872 1102 2879; x_wconf 14' lang='grc' dir='ltr'>ὁ</span> 
     </span>
     <span class='ocr_line' id='line_1_31' title="bbox 195 2878 1092 2955; baseline 0.002 -18"><span class='ocrx_word' id='word_1_209' title='bbox 195 2886 228 2937; x_wconf 78' lang='lat'><strong>15</strong></span> <span class='ocrx_word' id='word_1_210' title='bbox 238 2878 311 2938; x_wconf 84' lang='lat' dir='ltr'><strong>Tam</strong></span> <span class='ocrx_word' id='word_1_211' title='bbox 324 2879 404 2939; x_wconf 83' lang='lat' dir='ltr'><strong>mala</strong></span> <span class='ocrx_word' id='word_1_212' title='bbox 416 2879 574 2938; x_wconf 86' lang='lat' dir='ltr'><strong>Thersiten</strong></span> <span class='ocrx_word' id='word_1_213' title='bbox 589 2878 770 2955; x_wconf 83' lang='lat' dir='ltr'><strong>prohibebat</strong></span> <span class='ocrx_word' id='word_1_214' title='bbox 784 2879 881 2937; x_wconf 82' lang='lat' dir='ltr'><strong>forme</strong></span> <span class='ocrx_word' id='word_1_215' title='bbox 893 2879 995 2953; x_wconf 83' lang='lat' dir='ltr'><strong>latere,</strong></span> <span class='ocrx_word' id='word_1_216' title='bbox 1088 2898 1092 2904; x_wconf 94' lang='lat'>·</span> 
     </span>
     <span class='ocr_line' id='line_1_32' title="bbox 256 2962 983 3037; baseline -0.001 -14"><span class='ocrx_word' id='word_1_217' title='bbox 256 2972 260 2983; x_wconf 83' lang='lat'><strong><em>¹</em></strong></span> <span class='ocrx_word' id='word_1_218' title='bbox 280 2962 375 3035; x_wconf 82' lang='lat' dir='ltr'><strong>Quum</strong></span> <span class='ocrx_word' id='word_1_219' title='bbox 390 2962 517 3037; x_wconf 80' lang='lat' dir='ltr'><strong>pulchre</strong></span> <span class='ocrx_word' id='word_1_220' title='bbox 530 2962 639 3035; x_wconf 84' lang='lat' dir='ltr'><strong>Nireus</strong></span> <span class='ocrx_word' id='word_1_221' title='bbox 657 2962 894 3036; x_wconf 80' lang='lat' dir='ltr'><strong>conspiciendus</strong></span> <span class='ocrx_word' id='word_1_222' title='bbox 910 2971 983 3022; x_wconf 82' lang='lat' dir='ltr'><strong>erat.</strong></span> 
     </span>
     <span class='ocr_line' id='line_1_33' title="bbox 239 3045 868 3120; baseline 0.002 -16"><span class='ocrx_word' id='word_1_223' title='bbox 239 3045 301 3105; x_wconf 88' lang='lat' dir='ltr'><strong>Nec</strong></span> <span class='ocrx_word' id='word_1_224' title='bbox 315 3053 345 3106; x_wconf 88' lang='lat' dir='ltr'><strong>te</strong></span> <span class='ocrx_word' id='word_1_225' title='bbox 358 3047 469 3120; x_wconf 79' lang='lat' dir='ltr'><strong>mirari,</strong></span> <span class='ocrx_word' id='word_1_226' title='bbox 491 3046 518 3105; x_wconf 86' lang='lat' dir='ltr'><strong>si</strong></span> <span class='ocrx_word' id='word_1_227' title='bbox 533 3045 593 3104; x_wconf 92' lang='lat' dir='ltr'><strong>sint</strong></span> <span class='ocrx_word' id='word_1_228' title='bbox 605 3046 725 3118; x_wconf 81' lang='lat' dir='ltr'><strong>vitiosa,</strong></span> <span class='ocrx_word' id='word_1_229' title='bbox 748 3045 868 3105; x_wconf 88' lang='lat' dir='ltr'><strong>decebit</strong></span> 
     </span>
     <span class='ocr_line' id='line_1_34' title="bbox 203 3128 987 3205; baseline -0.001 -17"><span class='ocrx_word' id='word_1_230' title='bbox 203 3178 215 3205; x_wconf 86' lang='grc'>,</span> <span class='ocrx_word' id='word_1_231' title='bbox 282 3128 428 3203; x_wconf 82' lang='lat' dir='ltr'><strong>Carmina,</strong></span> <span class='ocrx_word' id='word_1_232' title='bbox 451 3144 530 3205; x_wconf 77' lang='lat' dir='ltr'><strong>quse</strong></span> <span class='ocrx_word' id='word_1_233' title='bbox 544 3129 652 3188; x_wconf 83' lang='lat' dir='ltr'><strong>seciam</strong></span> <span class='ocrx_word' id='word_1_234' title='bbox 667 3143 772 3203; x_wconf 82' lang='lat' dir='ltr'><strong>paene</strong></span> <span class='ocrx_word' id='word_1_235' title='bbox 780 3135 871 3204; x_wconf 82' lang='lat' dir='ltr'><strong>poete</strong></span> <span class='ocrx_word' id='word_1_236' title='bbox 885 3129 987 3190; x_wconf 87' lang='lat' dir='ltr'><strong>Getes.</strong></span> 
     </span>
     <span class='ocr_line' id='line_1_35' title="bbox 239 3211 1015 3288; baseline 0.001 -18"><span class='ocrx_word' id='word_1_237' title='bbox 239 3211 284 3270; x_wconf 84' lang='lat' dir='ltr'><strong>At</strong></span> <span class='ocrx_word' id='word_1_238' title='bbox 308 3213 411 3288; x_wconf 86' lang='lat' dir='ltr'><strong>pudet,</strong></span> <span class='ocrx_word' id='word_1_239' title='bbox 432 3221 462 3274; x_wconf 92' lang='lat' dir='ltr'><strong>et</strong></span> <span class='ocrx_word' id='word_1_240' title='bbox 475 3213 579 3273; x_wconf 83' lang='lat' dir='ltr'><strong>Getico</strong></span> <span class='ocrx_word' id='word_1_241' title='bbox 594 3212 704 3287; x_wconf 78' lang='lat' dir='ltr'><strong>scripsi</strong></span> <span class='ocrx_word' id='word_1_242' title='bbox 719 3227 860 3273; x_wconf 86' lang='lat' dir='ltr'><strong>sermone</strong></span> <span class='ocrx_word' id='word_1_243' title='bbox 873 3213 1015 3284; x_wconf 84' lang='lat' dir='ltr'><strong>libellum,</strong></span> 
     </span>
     <span class='ocr_line' id='line_1_36' title="bbox 194 3292 1045 3371; baseline 0 -19"><span class='ocrx_word' id='word_1_244' title='bbox 194 3300 230 3353; x_wconf 73' lang='lat' dir='ltr'><strong>uo</strong></span> <span class='ocrx_word' id='word_1_245' title='bbox 280 3292 460 3371; x_wconf 82' lang='lat' dir='ltr'><strong>Structaque</strong></span> <span class='ocrx_word' id='word_1_246' title='bbox 474 3303 545 3356; x_wconf 91' lang='lat' dir='ltr'><strong>sunt</strong></span> <span class='ocrx_word' id='word_1_247' title='bbox 557 3297 669 3356; x_wconf 85' lang='lat' dir='ltr'><strong>nostris</strong></span> <span class='ocrx_word' id='word_1_248' title='bbox 683 3295 814 3356; x_wconf 79' lang='lat' dir='ltr'><strong>barbare</strong></span> <span class='ocrx_word' id='word_1_249' title='bbox 828 3294 921 3355; x_wconf 82' lang='lat' dir='ltr'><strong>verbe</strong></span> <span class='ocrx_word' id='word_1_250' title='bbox 934 3294 1045 3355; x_wconf 82' lang='lat' dir='ltr'><strong>medis.</strong></span> 
     </span>
     <span class='ocr_line' id='line_1_37' title="bbox 241 3376 966 3455; baseline 0.001 -20"><span class='ocrx_word' id='word_1_251' title='bbox 241 3376 279 3436; x_wconf 85' lang='lat' dir='ltr'><strong>Et</strong></span> <span class='ocrx_word' id='word_1_252' title='bbox 293 3377 422 3452; x_wconf 73' lang='lat' dir='ltr'><strong>placui„</strong></span> <span class='ocrx_word' id='word_1_253' title='bbox 443 3387 561 3453; x_wconf 73' lang='lat' dir='ltr'><strong>gratare</strong></span> <span class='ocrx_word' id='word_1_254' title='bbox 574 3380 677 3439; x_wconf 83' lang='lat' dir='ltr'><strong>milri...</strong></span> <span class='ocrx_word' id='word_1_255' title='bbox 691 3380 842 3455; x_wconf 84' lang='lat' dir='ltr'><strong>coepique</strong></span> <span class='ocrx_word' id='word_1_256' title='bbox 857 3384 966 3452; x_wconf 86' lang='lat' dir='ltr'><strong>peetne</strong></span> 
     </span>
    </p>
   </div>
   <div class='ocr_carea' id='block_1_5' title="bbox 283 3459 967 3605">
    <p class='ocr_par' dir='ltr' id='par_1_5' title="bbox 283 3459 967 3605">
     <span class='ocr_line' id='line_1_38' title="bbox 283 3459 967 3579; baseline 0.001 -60"><span class='ocrx_word' id='word_1_257' title='bbox 283 3459 363 3520; x_wconf 83' lang='lat' dir='ltr'><strong>Inter</strong></span> <span class='ocrx_word' id='word_1_258' title='bbox 376 3462 555 3524; x_wconf 79' lang='lat' dir='ltr'><strong>inhumanos</strong></span> <span class='ocrx_word' id='word_1_259' title='bbox 570 3479 680 3525; x_wconf 86' lang='lat' dir='ltr'><strong>nomen</strong></span> <span class='ocrx_word' id='word_1_260' title='bbox 694 3462 806 3524; x_wconf 84' lang='lat' dir='ltr'><strong>hebere</strong></span> <span class='ocrx_word' id='word_1_261' title='bbox 822 3463 922 3522; x_wconf 83' lang='lat' dir='ltr'><strong>Getes.</strong></span> <span class='ocrx_word' id='word_1_262' title='bbox 950 3545 967 3579; x_wconf 28' lang='grc' dir='ltr'><strong>’ᾖ</strong></span> 
     </span>
     <span class='ocr_line' id='line_1_39' title="bbox 606 3552 946 3605; baseline 0.003 -1"><span class='ocrx_word' id='word_1_263' title='bbox 606 3558 612 3573; x_wconf 92' lang='lat'><strong><em>¹</em></strong></span> <span class='ocrx_word' id='word_1_264' title='bbox 911 3552 946 3605; x_wconf 77' lang='lat'><strong>13</strong></span> 
     </span>
    </p>
   </div>
   <div class='ocr_carea' id='block_1_6' title="bbox 0 0 1306 3816">
    <p class='ocr_par' dir='ltr' id='par_1_6' title="bbox 0 0 1306 3816">
     <span class='ocr_line' id='line_1_40' title="bbox 0 0 1306 3816; baseline 0 0"><span class='ocrx_word' id='word_1_265' title='bbox 0 0 1306 3816; x_wconf 95' lang='lat' dir='ltr'><strong> </strong></span> 
     </span>
    </p>
   </div>
  </div>
 </body>
</html>
