2602 3816
156 196 217 261 1oe
542 195 600 259 EX
619 195 792 261 Poura

190 359 225 412 ιο
280 346 469 425 Quamlibet
459 347 586 410 ιιιιιιιιιι
600 346 816 431 iuuenemque
826 352 939 409 tenant

237 431 464 508 mesquinus
456 433 608 508 ingenium
620 416 727 507 lengi
717 432 852 492 minuere
865 430 995 506 labores,

277 517 347 579 Aut
351 516 440 577 etiam
453 517 566 576 nullum
580 513 706 577 forsitan
719 521 789 577 anta
801 514 865 590 tuit,

237 600 362 662 Viribus
375 599 493 671 infirmi,
516 605 623 658 uestro.
633 596 768 660 candere
780 598 935 659 valemus.
991 651 994 655 .

280 683 375 758 Quem
387 682 461 743 milri
474 681 501 743 si
515 681 631 756 demas,
654 682 755 742 emnia
767 688 856 759 rapta
870 688 982 759 putem.

77 820 82 849 ,
190 775 224 830 ιι
237 766 411 843 Cunctaque
423 781 493 827 cum
506 780 575 825 mea
587 765 649 829 siut
661 780 818 841 pmpenso
833 766 905 826 nixa
918 767 1036 841 favere,

277 849 475 926 Praecipuum
487 849 596 909 veniae
607 848 655 908 lus
670 847 762 911 habet
775 850 825 910 ille
840 849 926 910 liber.
944 854 947 860 '

238 932 411 1011 Spectatum
423 939 510 992 vates
525 931 575 991 alii
588 931 741 1009 scripsere
754 932 946 1010 triumphurn.

276 1016 331 1079 as
344 1015 456 1091 aliquid
471 1015 597 1075 memori
607 1015 678 1076 visa
690 1022 796 1079 ιιοιιιι
809 1033 919 1077 manu·
937 1022 939 1027 '

236 1099 299 1161 llos
313 1110 351 1160 ea
363 1100 415 1160 vix
426 1098 549 1165 animm
564 1099 657 1181 vulga
671 1106 791 1175 captata
803 1115 860 1176 per
872 1115 976 1161 auram

187 1191 224 1249 20
277 1181 472 1259 scripsimus,
494 1182 957 1259 etquecculilamalueremel.
996 1229 1001 1239 .
1051 1186 1055 1193 '

237 1265 358 1328 Scilicet
372 1265 499 1327 affectus
512 1265 637 1341 similes,
658 1273 711 1328 aut
724 1267 855 1344 impetus
869 1267 957 1327 idem
976 1318 979 1329 ,
1039 1284 1042 1297 ·

275 1348 379 1413 Rebus
398 1349 562 1411 retunditis
575 1349 814 1426 conspicuisque
826 1351 930 1413 reniti

232 1432 298 1494 Nec
311 1433 355 1495 nit
343 1441 392 1494 tor
405 1434 528 1509 argenti
549 1436 643 1509 quiam
655 1444 714 1494 voa
732 1434 861 1516 vitiistiq
883 1438 914 1494 et
927 1432 994 1494 auri
1040 1486 1043 1491 .

278 1515 366 1592 Quod
379 1517 451 1577 milii
465 1515 604 1591 deluerit
624 1522 820 1593 purpuraque
833 1517 893 1592 illa,
916 1531 1041 1594 queror:

185 1605 221 1661 ιι
235 1598 298 1661 Sed
310 1601 388 1676 loca,
410 1601 466 1661 sed
479 1606 595 1677 gentes
600 1601 747 1661 formatae
760 1601 841 1661 mille
855 1601 988 1676 figuris.

277 1684 448 1746 Nauissam
461 1699 584 1745 sarman
597 1684 796 1782 praeliaque
787 1700 858 1760 ipsa
867 1690 1009 1759 meum„

235 1766 273 1830 Et
285 1783 390 1844 regum
402 1769 523 1842 vultus
535 1767 703 1827 certissima
716 1768 846 1843 pignora
857 1767 977 1844 mantis,
1099 1810 1119 1823 ,,

276 1850 428 1917 luvisscut
443 1851 547 1926 aliqua
557 1850 687 1912 iors1tan
695 1850 777 1911 illud
792 1856 880 1926 opus.
905 1902 908 1909 .
945 1904 947 1909 ,
1053 1856 1056 1863 ’

236 1934 394 1996 Plausihus
408 1950 448 1994 ex
460 1933 538 2010 ipsis
551 1935 656 2010 pepuli
668 1934 811 2010 laetoque
825 1934 931 1996 laum

189 2018 224 2074 30
278 2018 434 2093 Ingenium
448 2017 581 2093 quodvis
594 2017 759 2078 incaluisse
772 2024 884 2093 potest
910 2022 918 2035 ·

236 2102 370 2176 Tamque
383 2114 440 2176 ego
456 2101 656 2176 sumpsissem
672 2101 723 2161 tali
735 2101 869 2162 clamore
885 2100 1029 2177 vigeram,

278 2184 372 2258 Quam
387 2183 473 2243 rudls
487 2184 590 2244 auditu
603 2184 689 2244 milas·
705 2185 747 2245 ad
755 2200 843 2245 mma
855 2185 944 2246 tuba·
1103 2200 1108 2205 ·

236 2267 363 2328 Pectora
381 2265 442 2326 sint
451 2265 543 2385 nobis
557 2266 678 2363 nivibus
693 2268 851 2344 glacieque
863 2267 1020 2331 licebit

188 2439 223 2496 3⁵
237 2433 291 2494 Illa
306 2433 393 2494 ducis
408 2434 525 2494 iacies
517 2451 548 2495 m
562 2450 651 2511 curru
664 2392 771 2499 statuis
786 2435 902 2499 eburno
968 2461 971 2471 ¹

276 2516 438 2578 Excuteret
453 2517 546 2593 frigus
562 2517 703 2579 sensibus
718 2531 808 2579 omne
822 2521 908 2580 meis

236 2601 291 2662 His
306 2615 364 2676 ego
382 2599 526 2675 deiectus,
549 2601 712 2676 dubiisque
727 2602 900 2683 auctoribus
913 2617 1001 2675 usus,

278 2685 327 2743 Ad
341 2684 435 2745 vestri
448 2686 538 2745 venio
553 2683 617 2744 iure
631 2686 745 2745 laveris
761 2701 864 2761 opem·

236 2768 299 2833 Nec
312 2768 394 2827 mihi
399 2774 470 2830 nata
481 2769 603 2843 ducum
622 2780 681 2828 uec
695 2775 764 2829 stunt
775 2769 847 2829 mihi
862 2774 936 2830 notu
947 2769 1092 2848 locorum,

189 2854 225 2913 4⁰
277 2850 412 2911 Nomina.
444 2852 600 2915 materiam
612 2868 674 2912 neu
691 2851 824 2913 habuere
837 2866 955 2912 manus.
1007 2928 1010 2934 Δ

235 2933 310 2995 Pars
329 2939 421 3009 quou
434 2934 478 2994 de·
487 2937 577 2996 tantis
589 2936 692 3008 rehus;
715 2951 806 3011 quam
820 2937 900 2997 lama
913 2934 1035 3009 reterre,

277 3017 339 3077 Aut
352 3017 461 3092 aliquis
475 3018 564 3080 nubis
578 3019 712 3080 scribere
726 3026 847 3095 posset,
868 3024 961 3079 arcti*

237 3101 302 3177 Quo
316 3100 424 3176 magis,
445 3102 581 3177 elector,
603 3101 699 3163 debas
716 3101 885 3177 ignoscere
908 3100 1024 3177 siquid

277 3184 414 3246 Erratum
427 3189 474 3244 est
487 3183 547 3244 illic
562 3186 794 3260 praeteritumve
805 3180 891 3245 mihi.

188 3277 228 3334 ιδ’
237 3266 327 3329 Adde
342 3266 425 3342 quad
439 3266 581 3329 assiduas
595 3268 708 3328 domiui
722 3268 863 3337 meditata
878 3267 1030 3344 querellas
1054 3274 1058 3279 ’

277 3350 327 3410 Ad
340 3349 449 3413 laetum
463 3364 586 3411 carmen
599 3352 733 3411 uinmea
747 3366 836 3411 versa
849 3352 917 3428 lyra
930 3359 987 3413 est
1037 3406 1040 3410 .

239 3434 299 3494 Vix
311 3432 392 3494 bona
405 3439 573 3513 posttautc
587 3433 742 3512 quaerenti
750 3435 851 3497 'verbe
862 3434 1021 3497 subibant:
