2602 3816
193 228 262 293 aaa
565 230 819 294 rasaeeurt
867 208 884 239 ‘
945 258 950 277 ι

274 382 312 442 Et
326 384 449 443 careant
461 379 541 444 loliis
556 370 663 444 caules
677 381 851 443 vitiantibtm
866 382 941 457 agri,

308 465 378 526 ‘Nec
391 467 503 527 surius
515 466 598 527 culto
612 473 719 539 surgat
732 472 833 539 avena
844 467 925 526 suta.

274 548 419 610 Tritieeos
434 550 549 622 iectus,
570 563 766 626 passuraque
786 550 868 613 tarra
881 547 1056 631 bisignem,

314 632 499 708 Hordeaque
513 632 625 706 ingenti
643 633 770 692 foenere
783 626 897 692 reddat
906 637 1008 706 ageri,
1061 662 1066 673 ,

204 721 256 779 695
269 715 353 776 Haec
367 731 424 790 ege
440 728 495 791 pre
516 713 617 775 vobis.
631 715 721 775 ‘haee
738 730 795 776 ves
810 720 913 791 aetate
928 714 1041 791 aeleri,

314 799 496 873 Efficiatque
514 806 596 857 ratas
612 803 739 874 utraque
751 798 823 858 diva
837 804 957 874 preces

247 926 251 935 .
274 881 359 942 Batia
373 882 425 940 diu
438 882 561 940 tenuere
577 880 670 941 vires.
704 886 771 942 erat
782 881 884 956 aptior
896 879 981 942 ensis

313 964 455 1024 vetuere.
489 963 619 1024 cedebat
630 972 738 1025 tamus
750 972 852 1025 dator
870 976 975 1039 equa·

275 1046 402 1109 Sarcuia
415 1047 593 1121 cessabant,
614 1046 759 1121 versique
772 1048 802 1107 in
818 1047 880 1123 pila
901 1049 1032 1122 ligones,

134 1188 137 1213 ι
204 1137 259 1201 700,
310 1129 463 1205 Factaque
477 1130 517 1190 de
530 1128 619 1191 rastri
633 1130 771 1205 pendere
786 1131 886 1192 cassis
900 1137 973 1190 erat.
988 1182 991 1189 i

274 1213 375 1274 Gratia
383 1212 436 1273 dis
451 1214 617 1290 domuique
629 1221 714 1288 tuae,
736 1214 863 1289 religata
877 1214 1010 1274 catenis·

313 1296 494 1373 Iampridem
506 1304 607 1358 vestre
623 1297 681 1358 sub
696 1297 776 1373 pede
790 1297 872 1357 belia
886 1297 1011 1373 iaceat.
1072 1334 1076 1341 ,

274 1378 337 1441 Sub
351 1381 423 1455 iuga
435 1380 493 1442 bes
508 1382 625 1452 veniat,
647 1379 707 1443 sub
720 1387 816 1443 terres
832 1396 937 1441 semea
951 1385 1063 1441 erataa.
1142 1380 1159 1456 ,’

311 1463 373 1524 Pax
389 1465 528 1525 Cererem
540 1465 641 1526 nutrit
675 1464 896 1553 pacisaiuraaa
910 1463 1012 1525 Ceres.
1065 1486 1068 1501 ·

466 1592 932 1663 saccaeucaaar

204 1719 255 1776 705
268 1713 308 1774 At
322 1712 400 1788 quae
414 1721 557 1775 ventures
572 1714 736 1790 praecedet
754 1722 843 1776 sexta
857 1713 1024 1792 Kalendas,

313 1797 378 1857 Hac
392 1805 463 1858 sunt
476 1798 604 1858 Ledaeis
618 1799 731 1873 templa
744 1797 845 1857 dicata
862 1799 939 1859 deis.

272 1878 426 1942 Fratribus
441 1880 492 1941 iiia
505 1882 572 1942 deis
587 1883 696 1941 iratres
710 1882 749 1940 de
763 1887 852 1956 gente
867 1880 995 1944 demum
1085 1888 1093 1901 ⁴
1110 1886 1114 1891 ’

275 1960 279 1967 ’
312 1964 400 2025 eirca
412 1965 551 2028 Iuturnae
564 1979 768 2040 composuere
780 1965 877 2025 lacus.
948 1978 951 1985 ’

529 2096 581 2159 80.
599 2096 668 2157 ΡΝ)
705 2094 757 2160 31.
780 2097 863 2163 Gc..

271 2214 376 2290 Ipsum
390 2229 448 2274 nes
463 2228 583 2273 carmen
598 2213 726 2273 deduxit
737 2213 825 2274 Pacis
840 2214 881 2274 ed
894 2229 988 2273 arara

206 2304 258 2360 710
280 2352 283 2357 .
310 2297 393 2357 Haec
414 2297 470 2357 erit
486 2297 631 2357 arnensis
645 2297 707 2356 fine
719 2298 857 2358 secunda
871 2298 949 2357 dies.

270 2380 442 2441 Fraudibus
455 2380 589 2441 Actiacis
605 2389 744 2455 comptos
758 2380 1049 2456 redimitaeapities

311 2462 375 2523 Pax
389 2462 482 2539 ades·,'
499 2470 605 2527 ettoto
621 2464 701 2525 mitis
715 2465 836 2526 inerbe
850 2476 947 2524 mace.
1006 2488 1009 2497 ·
1064 2476 1069 2485 ’

271 2547 350 2608 lium
361 2548 464 2609 desint
476 2548 598 2623 hostes,
619 2548 699 2608 desit
714 2564 837 2624 queque
846 2564 948 2613 'causa
961 2546 1117 2623 triumphi.

311 2631 356 2693 Fu
368 2631 499 2707 ducibus
512 2631 593 2692 belia
607 2632 705 2706 gloria
717 2632 814 2692 maior
834 2634 907 2705 eris.

205 2719 256 2778 715
271 2712 344 2775 Seia
357 2723 443 2789 gerat
456 2715 543 2775 miles
558 2715 668 2790 quibus
684 2731 769 2789 amm
782 2724 939 2790 coereeat,
954 2730 1047 2792 arma,

312 2797 515 2875 canteturque
528 2800 593 2859 tera
606 2799 649 2858 nii
663 2799 722 2859 nisi
736 2812 851 2876 pompa
864 2801 951 2860 tuba:

269 2879 399 2941 Horreat
410 2883 574 2943 Aeneadae
591 2890 621 2942 et
637 2883 752 2959 primus
774 2891 804 2943 et
821 2881 1063 2945 ultimusserbisz
1280 2878 1282 2975 i

312 2962 407 3039 Siqua
420 2980 528 3039 parum
541 2968 669 3029 Roaiam
682 2972 764 3027 terra
777 2967 908 3037 timebat
931 2968 1019 3026 anet
1055 2972 1058 2982 “
1281 2984 1282 2987 ’

268 3044 363 3121 Tura,
383 3047 578 3123 sacerdotes,'
595 3049 754 3109 Pacalibus
769 3051 871 3110 addite
885 3048 1030 3124 flamma<

199 3136 252 3195 iao
304 3130 444 3206 Albaque
457 3133 585 3206 pertusa
596 3132 719 3194 victima
733 3134 832 3194 fronte
847 3133 945 3194 cadat
979 3152 982 3183 τ
1003 3144 1007 3151 ’
1031 3156 1033 3165 ’

268 3211 369 3288 thue
384 3214 503 3289 demus,
519 3230 599 3290 quae
612 3223 749 3291 praestat
762 3231 839 3287 eam,
856 3228 926 3276 cum
940 3230 1018 3292 pace
1030 3224 1193 3293 perennet,

307 3298 359 3356 Ad
373 3299 425 3374 pie
438 3314 612 3374 propensos
633 3306 825 3372 vourogata
841 3300 930 3360 dces.
986 3318 1013 3329 '·
1048 3302 1050 3307 “

268 3375 332 3438 Sed
345 3381 405 3440 iam
418 3383 517 3457 prima
532 3383 591 3443 mei
605 3397 678 3457 pars
693 3379 740 3441 est
751 3388 861 3442 exacta
873 3382 998 3458 ubeda
1029 3406 1032 3415 ’
1097 3384 1102 3393 ’

309 3461 444 3540 Cumque
458 3481 516 3527 sue
531 3464 623 3525 duem
635 3479 745 3525 mense
757 3463 992 3531 iibeltus-hebet
1057 3485 1066 3519 ι
