2582 3810
503 183 738 266 uma

142 378 144 385 Α
231 336 357 408 ‘Narrat
377 335 408 397 ln
422 335 557 402 obssoan
573 355 705 417 corpore
716 353 829 415 prensa
841 344 930 411 torol

206 417 304 494 Unde,
324 419 384 483 uisi
397 420 510 485 indicio
523 424 625 498 magni
639 423 788 485 sciremus
803 421 936 498 Homeri,
1028 488 1034 495 ,

143 510 197 567 080
245 501 384 578 Hospitis
398 503 468 579 igne
482 507 559 568 duas
573 506 737 569 incaluisse
751 506 849 566 deust

204 583 299 648 Omne
310 602 407 662 genus
421 589 525 665 scripu
537 590 685 665 gravitate
699 587 856 663 tragoedia
868 587 975 649 vinoita

245 670 329 729 Haeo
344 686 469 745 quoque
483 672 637 733 materiam
650 687 773 748 semper
786 670 898 733 amoris
912 669 1012 737 hobel.

203 751 1127 834 Numquidinllippolytoest,nisioaeeeessammenovereaet

244 835 361 896 Nobilis
375 844 423 899 est
437 837 556 899 Oeneae
567 838 668 899 lralris
683 853 787 900 amore
799 837 858 898 sui.

142 925 196 982 385
207 918 304 994 Quint
325 936 386 980 non
400 920 588 994 Tantalides,
609 923 740 996 agitante
755 920 901 997 Cupidine
915 935 1031 996 eurum

240 1001 377 1063 Pisaeam
389 1000 530 1080 Phrygiis
545 1005 629 1067 vexit
641 1005 775 1069 eburnus
790 1005 899 1081 equist

205 1084 366 1160 'lingueret
378 1094 411 1146 ut
424 1089 533 1149 terrum
547 1094 685 1151 natorum
699 1088 846 1163 sanguine
857 1092 963 1162 maier,

247 1168 389 1230 concitus
403 1170 605 1233 elaesoleeit
618 1186 722 1231 amore
736 1171 834 1234 dolor.

204 1250 289 1313 Fecit
300 1267 386 1314 amor
399 1253 515 1317 subitas
530 1255 671 1316 volueres
687 1269 757 1316 eum
769 1254 867 1329 peliae
879 1268 983 1328 regem
1031 1318 1035 1325 ,

142 1338 197 1399 390
249 1335 392 1412 Quaeque
405 1354 494 1401 suum
507 1338 591 1413 luget
602 1353 684 1398 nune
698 1352 822 1412 quoque
835 1344 931 1398 meter
944 1338 1024 1416 ltpn.

207 1416 240 1479 Si
254 1435 316 1480 nou
328 1423 473 1496 Aeropes
488 1421 581 1482 irater
594 1423 760 1484 sceleratus
774 1426 918 1495 amasset,
1028 1440 1032 1443 ⁴

244 1504 382 1564 Aversos
396 1502 478 1565 Solis
492 1521 553 1569 uon
567 1505 736 1580 legeremus
752 1518 861 1580 equos.

203 1585 301 1661 Impia
312 1602 369 1646 neu
382 1587 514 1664 tragicos
527 1588 676 1664 tetigisset
690 1586 794 1664 Scylla
807 1585 983 1660 cothurnos,
1027 1650 1032 1657 ,

243 1669 279 1728 lli
293 1670 548 1744 patriumorinem
562 1672 752 1734 desecuisset
764 1686 858 1731 amor.

145 1757 198 1814 305
209 1752 264 1827 Qui
277 1753 354 1828 legis
368 1754 508 1815 Electran
521 1761 553 1815 et
566 1760 704 1830 egentem
717 1753 826 1815 mentis
840 1749 977 1825 Oresten,

155 1858 158 1861 ·
247 1835 385 1912 Aegisthi
397 1837 512 1899 orimen
524 1838 779 1917 Tyndaridosque
792 1835 879 1912 legis.

208 1919 284 1980 Nam
302 1921 375 1995 quid
389 1922 428 1982 de
440 1923 546 1985 tetrico
562 1923 691 1983 reseram
705 1920 853 1984 domitore
868 1917 1052 1992 Chimaerae,
1081 1937 1088 1955 ·

247 2002 339 2077 Quem
354 2004 414 2066 leto
428 2006 522 2067 lallox
534 2006 656 2083 hospita
670 2018 768 2081 paene
782 2003 886 2066 dediti

210 2086 289 2161 Quid
302 2087 411 2162 loquer
424 2088 615 2165 Hermionen,
636 2089 711 2165 qnid
724 2095 763 2164 te,
786 2084 958 2149 Schoeneia
968 2084 1066 2162 virgo,

139 2174 200 2232 000
247 2169 358 2246 Teque,
379 2170 547 2248 Mycenaeo
560 2172 701 2235 Phoebas
715 2179 814 2233 amata
828 2170 920 2232 duell

194 2318 198 2329 t
210 2253 287 2328 Quid
300 2253 425 2317 Danaen
438 2255 622 2331 Danaesque
634 2273 741 2317 nurum
755 2261 941 2330 matremque
954 2249 1050 2330 Lyaei

245 2336 463 2413 Haemonaque
476 2348 506 2400 et
519 2347 635 2415 nostes,
657 2355 736 2415 quae
750 2339 860 2412 coiere,
882 2338 980 2397 duest

207 2418 284 2493 Quid
297 2435 441 2495 generum
453 2422 563 2497 Peliae,
578 2423 663 2499 quid
675 2423 808 2497 Thesea,
831 2421 946 2497 quidve
958 2417 1126 2496 Pelasgum,

249 2504 371 2564 Iliacam
383 2506 479 2580 tetigit
493 2507 545 2582 qui
558 2513 623 2569 rate
636 2506 753 2583 primus
766 2506 913 2567 humum?

146 2583 199 2647 los
208 2585 275 2648 Huo
288 2586 351 2647 Iole
363 2587 532 2665 Pyrrhique
546 2606 667 2666 parens,
689 2590 749 2650 hue
761 2586 900 2649 Herculis
914 2602 1022 2665 uxor„
1076 2634 1082 2648 .

244 2669 312 2730 Hue
325 2672 452 2733 ascedat
462 2672 561 2750 Hylas
572 2674 745 2749 Iliadesque
759 2686 844 2748 puer.

207 2751 356 2829 Tempore
369 2754 502 2831 delicias,
521 2757 655 2832 tragicos
668 2757 696 2816 si
710 2768 879 2833 persequar
892 2753 989 2830 ignes,

137 2844 140 2853 ·
239 2837 367 2912 vixque
378 2854 465 2901 meus
480 2840 581 2916 cupiat
594 2839 717 2903 nomina
730 2839 813 2898 nuda
826 2836 910 2897 liber.

204 2919 261 2979 Est
273 2927 303 2980 et
315 2921 347 2981 in
361 2920 515 2984 obscenos
529 2921 823 2998 deflexatrogoedlo
835 2919 926 2994 risus,
1026 2948 1029 2957 =

142 3008 200 3063 410
247 3002 401 3080 musque
415 3006 566 3080 praeteriti
581 3007 674 3067 verba
686 3003 927 3082 pudorishabee

207 3085 270 3146 illes
282 3093 373 3151 nneet
386 3089 510 3161 nuetori,
531 3090 652 3151 mollem
668 3088 719 3165 qui
733 3087 805 3149 feeit
816 3086 975 3162 Achillem,
1002 3164 1005 3175 ¹

246 3170 411 3246 infregisse
425 3172 490 3233 suis
504 3172 594 3234 lortia
607 3174 686 3233 laeta
699 3171 809 3233 modis.

203 3251 304 3313 lunxit
316 3254 476 3328 Aristides,
497 3255 616 3317 Milesia
629 3255 762 3327 erhnina,
782 3268 899 3328 sexum,

238 3335 351 3398 Pulsus
363 3338 518 3399 Aristides
528 3354 586 3400 nee
598 3345 698 3401 tamen
711 3336 787 3399 urbe
800 3352 866 3398 sua.

145 3422 199 3481 415
207 3419 270 3481 lllee
284 3421 338 3501 qul
352 3421 515 3500 descripsit
527 3421 681 3508 eorrumpi
695 3418 812 3484 semiue
826 3422 963 3494 ursulus,
