2602 3816
485 259 546 333 rr,
570 256 606 337 a,
625 259 724 338 a-t,
744 257 797 324 aa.

171 450 215 466 -
267 413 392 490 Indigus
406 409 533 472 effeetus
549 412 689 474 amnibus
704 412 771 489 ipse
785 412 893 489 magis.

177 515 213 570 45
226 499 281 559 lile
292 496 468 572 Iugurthina
484 496 583 557 clarus
599 496 779 572 Cimbroque
791 495 953 573 triumpha,

270 580 335 654 Qua
349 579 458 640 viatrix
472 579 584 640 totiens
599 580 727 641 consule
740 581 838 640 Rama
850 580 915 654 tuit,

226 666 262 726 In
277 679 372 724 caeno
387 661 471 721 latuit
483 661 598 726 Marius
613 672 773 739 cannaque
787 664 924 738 palustri,

267 747 390 807 Pertulit
401 753 433 805 et
446 752 530 806 tante
545 749 637 808 muita
652 748 797 822 pudenda
814 747 892 809 viro.

226 830 316 892 Ludit
329 830 358 889 in
372 829 513 890 humanis
528 829 632 890 divina
646 829 781 905 potentia
793 829 896 903 rebus,

110 976 112 983 ,
179 929 215 983 50
267 915 305 974 Et
319 919 433 976 certam
446 926 594 987 praesens
608 914 663 974 vix
675 913 767 973 habet
779 912 856 972 hora
869 912 972 973 fldem.

228 998 322 1058 ‘Litus
337 997 377 1056 ad
389 996 552 1056 Euxinum’
567 996 594 1057 si
609 998 677 1073 quis
690 996 762 1056 milti
777 997 892 1056 diceret
904 997 984 1072 ibis,

191 1099 195 1111 ¹
266 1082 304 1141 Et
318 1086 449 1154 metues,
463 1095 537 1140 arcu
551 1096 590 1140 ne
603 1081 713 1141 feriare
727 1079 842 1155 Getae:

228 1164 268 1239 ³1,
283 1163 365 1224 bibe’
380 1164 527 1223 dixissem
541 1167 718 1241 ‘purgantes
736 1170 863 1239 pectora
876 1178 981 1239 suros,

269 1247 418 1323 Quicquid
432 1254 463 1307 et
477 1248 507 1307 in
521 1252 585 1308 tota
598 1249 732 1310 nascitur
743 1246 912 1325 Anticyra.³

140 1350 145 1359 ·
177 1341 212 1396 ab
227 1331 299 1393 Sum
316 1339 413 1391 tamen
427 1330 505 1390 haee
520 1348 643 1407 passus.
672 1346 744 1403 nec,
759 1329 785 1389 si
801 1329 938 1390 martelle
950 1344 1086 1407 possem,

264 1416 303 1476 Et
317 1414 425 1476 summi
440 1420 576 1489 poteram
588 1418 649 1476 teia
663 1428 772 1475 cavere
786 1414 845 1474 dei.

224 1499 269 1559 Tu
284 1513 406 1574 quoque
420 1499 468 1557 tae
481 1498 605 1575 timeas,
621 1505 744 1574 atquae
758 1496 811 1559 tibi
825 1498 906 1558 laeta
917 1496 1066 1572 videntur,

266 1583 345 1643 Dum
363 1579 515 1657 loqueriS,
529 1579 595 1643 fieri
610 1581 707 1643 tristia
720 1590 817 1659 posse
829 1587 914 1657 puta

549 1723 746 1737 *ιο-

173 1770 217 1863 4.
264 1800 411 1863 surra
438 1779 655 1861 renarra.

230 1882 324 1982 Nulla
338 1921 404 1982 dies
420 1920 497 1982 adeo
512 1927 560 1981 est
573 1918 755 1980 australibus
768 1918 894 1979 humida
907 1917 1027 1992 nimbis,
1060 1924 1073 1957 ³

267 2005 334 2065 Non
347 2004 526 2064 intermissis
540 2010 574 2063 ut
588 2002 663 2063 fluat
676 2003 773 2064 imber
785 2004 886 2079 aquis.

223 2087 286 2148 Nec
305 2087 416 2149 sterilis
431 2088 517 2148 loeus
532 2088 612 2147 ultus
626 2087 669 2147 ita
682 2094 744 2162 est,
758 2093 792 2146 ut
805 2102 867 2147 non
882 2086 922 2149 sit
934 2085 965 2148 in
978 2086 1032 2146 illa

265 2171 360 2231 Mixta
374 2172 438 2230 iere
452 2168 539 2231 duris‘
550 2170 630 2231 utitis
644 2170 739 2230 herba
752 2170 845 2231 rubis.

115 2318 124 2336 ·
198 2254 275 2315 sitit
289 2256 367 2315 adeo
382 2256 503 2315 fortuna
518 2255 620 2330 gravis
635 2255 807 2314 miserabile
821 2254 901 2330 iecit,

268 2339 308 2401 Ut
324 2339 459 2398 minuant
473 2338 555 2397 nulla
568 2339 682 2413 gaudia
695 2346 781 2414 parte
796 2340 916 2399 maium.

226 2420 307 2482 Eece
321 2421 413 2482 domo
428 2421 586 2497 patriaque
600 2437 707 2481 carens
721 2422 883 2497 nautisque
895 2436 1040 2495 mearam,

267 2506 437 2581 Naufragus
451 2504 483 2564 in
498 2504 593 2564 Getici
607 2505 704 2565 litoris
719 2514 805 2566 attus
821 2520 928 2581 aquas,

228 2589 292 2663 Qua
306 2596 406 2650 tamen
420 2588 523 2648 inveni
537 2589 652 2649 vultum
666 2587 835 2648 diffundere
850 2601 945 2648 eausa

179 2675 214 2729 10
263 2673 405 2751 Possem,
421 2672 560 2733 romanae
574 2688 631 2732 nee
646 2674 823 2731 meminisse
834 2684 932 2729 meae.

225 2756 301 2817 Nam
315 2756 388 2816 mihi
402 2772 471 2816 cum
486 2755 570 2815 tuive
581 2755 839 2830 tristisspatiarer
852 2764 955 2829 arena,

266 2840 344 2902 Visa
357 2846 405 2901 est
418 2856 438 2899 a
450 2845 535 2913 tergo
551 2837 644 2914 pinna
658 2839 783 2898 dedisse
797 2838 917 2897 sanam.

225 2924 379 3000 Resptcto.
416 2937 474 2983 nea
488 2930 694 2996 corraserat,
710 2920 793 2996 quad
807 2934 931 2980 demere
944 2935 1086 2997 possemz

245 3032 249 3049 ι
267 3007 370 3069 Verba
381 3015 481 3069 tamen
496 3012 567 3067 sunt
580 3005 656 3065 haee
669 3002 879 3079 aurereeepta
893 3020 976 3067 meat

176 3102 211 3155 15
224 3091 281 3151 ‘En
296 3108 353 3167 ega
368 3093 513 3151 laetarum
528 3085 618 3147 'venio
633 3086 685 3147 tibi
700 3088 803 3147 nuntia
815 3104 916 3148 rerum

264 3174 371 3250 Fama,
388 3191 443 3250 per
456 3173 611 3232 inmensas
625 3174 696 3230 aare
710 3171 799 3247 lapsa
817 3171 894 3231 rins.

225 3256 357 3319 Consrde
370 3256 531 3332 Pompeio,
546 3269 608 3331 quo
623 3270 685 3314 nan
699 3254 752 3315 tibi
767 3255 866 3316 rarior
879 3253 963 3326 aiter,

260 3340 420 3401 Candidus
434 3347 463 3401 et
478 3340 551 3399 felix
565 3338 728 3417 proximus¹
737 3354 836 3399 annus
850 3337 927 3397 erit?

225 3422 321 3496 Dixit,
338 3429 367 3483 et
380 3431 413 3485 ut
425 3425 506 3484 laeto
518 3420 646 3483 Pontum
658 3438 781 3483 rumore
796 3419 932 3497 replevit,

85 3581 88 3585 y
177 3514 214 3568 20
266 3508 316 3568 Ad
330 3513 437 3584 gentes
452 3506 527 3568 alias
542 3505 613 3567 hina
626 3507 685 3568 dea
698 3505 787 3567 vertit
799 3505 863 3567 iter.

796 3654 800 3665 ,
886 3581 942 3647 12*
