2598 3812
474 157 833 238 ascensiana
911 211 959 251 ,.
1072 158 1154 227 xtao

183 322 220 381 ae
232 313 276 374 Tu
290 312 363 373 mibi
377 312 517 386 narrasti,
537 328 607 375 cnm
617 311 720 373 multis
735 313 853 375 lucibus
868 307 949 375 antes

272 395 395 458 Fuderit
408 396 552 459 assiduas
567 395 688 457 nubilus
703 402 927 472 auster'aquas,

233 480 497 541 Numinecaelesti
512 482 611 555 solem¹
622 479 746 539 fulsisse
762 496 910 552 serenum,

276 563 349 627 Cum
363 563 469 639 populi
480 565 568 624 ¹vultu
582 563 780 623 conveniente
796 563 855 623 die.

233 647 335 722 Atque
349 648 391 707 lta
403 645 550 706 victorem
564 662 632 706 cum
646 661 775 720 magnac
789 646 875 707 vocis
889 645 1007 707 honore

183 739 220 796 do
272 731 387 791 Bellica
400 731 530 791 laudatis
545 729 626 789 dona
640 728 766 789 dedisse
780 729 864 805 viris,

234 815 382 890 claraque
396 820 584 888 sumpturum
599 812 696 887 pictas
711 813 842 888 insignia
855 819 968 888 vesteS,

273 897 353 959 'lura
366 898 451 973 prius
467 896 579 957 sanctis
596 895 773 971 inposuisse
787 896 875 971 locis,

233 981 442 1056 Iustitiamque
456 981 504 1041 sui
518 985 602 1040 caste
617 980 760 1055 placasse
774 980 918 1054 parentis,

274 1066 329 1127 lllo
345 1081 424 1140 quae
439 1066 581 1138 templum
597 1067 721 1137 pectore
736 1064 971 1143 semperlrabet

182 1157 218 1214 35
234 1148 360 1224 Quaque
375 1148 450 1223 ierit,
471 1147 543 1206 telix
558 1147 708 1206 adiectum
722 1147 881 1221 plausibus
897 1154 994 1219 omen,

276 1230 421 1307 Saxaque
435 1231 546 1292 roratis
559 1229 719 1290 erubuisse
730 1231 823 1290 rosis

234 1315 373 1378 Protinus
388 1321 512 1390 argento
527 1329 638 1375 versos
652 1313 797 1373 imitantia
809 1330 915 1375 muros

276 1397 412 1463 Barbara
423 1414 493 1459 cnm
507 1397 730 1473 pictisopplda
743 1398 807 1457 lata.
817 1397 901 1473 viris,

234 1482 431 1557 Fluminaque
446 1488 608 1543 etfmontes
623 1479 696 1540 etin
710 1479 778 1540 altis
793 1482 910 1556 proelia
925 1480 1019 1557 silvis,

119 1612 122 1617 «
185 1570 221 1626 40
273 1567 429 1640 Armaque
443 1581 512 1626 eum
526 1565 595 1625 telis
609 1564 640 1624 in
655 1571 737 1624 strue
750 1564 845 1624 mixta
859 1581 925 1624 sua.

231 1650 337 1725 Deque
351 1656 554 1724 tropaeorum,
578 1648 662 1722 quod
676 1647 724 1708 sol
738 1646 914 1721 incenderit,
938 1663 1011 1708 auro

272 1733 374 1793 Aurea
386 1731 517 1795 Romani
530 1738 610 1793 tectu
623 1730 720 1791 luisse
734 1731 801 1792 tori‘.

232 1817 349 1891 Totque
363 1817 470 1878 tulisse
486 1817 581 1877 duces
597 1815 729 1890 captiuis*
741 1813 846 1875 addita
859 1812 946 1876 collis

273 1900 412 1975 Vincula,
430 1915 530 1976 paene
543 1899 641 1960 hostis
657 1904 732 1974 quot
747 1897 822 1959 satis
837 1912 907 1957 esse
921 1897 986 1956 luit.

187 1987 220 2042 45
233 1982 366 2044 Maxima
380 1998 451 2059 pars
466 1983 575 2043 horum
588 1982 681 2043 vitam
696 1982 876 2056 veniamque
890 1981 1029 2055 tulerunt,

274 2068 308 2126 ln
324 2065 435 2142 qulbus
448 2073 479 2126 et
491 2066 562 2127 belli
576 2083 695 2128 summa
709 2072 860 2140 caputque
873 2064 960 2142 Bato.

237 2149 297 2211 Cur
312 2165 370 2225 ego
386 2165 490 2225 posse
499 2166 607 2225 negem
621 2150 715 2210 minui
729 2149 801 2225 mihl
816 2149 948 2210 numinis
962 2147 1045 2220 imm,

278 2235 352 2295 Cum
367 2234 488 2293 videam
500 2235 582 2295 mitis
596 2233 736 2294 hostibus
748 2248 824 2294 esse
839 2233 939 2294 densa

236 2317 358 2378 Pertulit
371 2317 421 2376 hic
434 2315 516 2377 idem
530 2317 628 2389 nobis,
652 2317 838 2390 Germanice,
860 2332 973 2391 rumor,

191 2409 227 2464 ⁵0
277 2400 399 2476 Oppida
412 2398 471 2461 sub
485 2400 569 2461 titulo
584 2400 717 2461 nominis
731 2400 795 2460 isse
809 2399 861 2461 tui..

239 2485 339 2558 Atque
352 2499 390 2543 ea
402 2490 432 2543 te
447 2490 552 2543 contra
565 2500 623 2544 nec
637 2484 713 2545 muri
725 2485 817 2559 mola,
839 2498 896 2543 nee
909 2481 1014 2554 armis,

278 2568 342 2629 Neo
356 2566 431 2627 satis
445 2566 567 2641 ingenio
582 2573 646 2627 tuta
659 2567 756 2628 luisse
769 2566 839 2626 loci.
930 2573 933 2577 ·
1114 2562 1116 2566 ”

238 2649 273 2710 lli
288 2649 340 2710 tibi
355 2648 428 2710 dent
441 2657 556 2713 annosi
575 2657 635 2711 ate
649 2665 719 2711 nam
734 2655 962 2720 ceterasumes,
1024 2680 1026 2687 >

278 2731 345 2794 Sint
357 2733 451 2795 modo
465 2734 567 2795 virtuti
578 2739 716 2809 tempora
730 2734 823 2805 longa
837 2738 916 2791 tuae.

192 2823 227 2878 55
241 2814 329 2889 Quod
343 2831 460 2891 precor,
482 2817 613 2876 eveniet.
630 2815 722 2877 'Sunt
735 2813 880 2888 quiddam
895 2814 1021 2873 oracula
1028 2819 1142 2874 ¹vatum.

279 2900 355 2963 Nam
369 2900 447 2959 deus
464 2899 579 2973 optanti
587 2914 743 2975 ,prospera
756 2896 845 2970 signa
860 2896 952 2957 dedit.

239 2980 281 3041 'le
295 2998 419 3058 quoque
432 2982 579 3043 victorem
591 2981 737 3065 Tarpeias
753 2979 902 3041 scandere
916 2981 947 3041 ln
961 2994 1049 3040 arcos

280 3065 373 3127 Laeta
386 3065 540 3126 coronatis
554 3064 652 3125 Roma
666 3063 780 3124 videbit
795 3065 893 3138 equis.

240 3146 438 3225 Maturosque
449 3154 539 3226 pater
552 3147 614 3209 nati
628 3145 778 3224 spectabit
790 3146 935 3220 honores,

191 3238 229 3295 60
282 3229 398 3295 Gaudia
412 3231 595 3309 percipiens,
618 3246 697 3306 quae
713 3229 797 3290 dedit
810 3231 879 3306 ipse
893 3229 970 3291 suis.

239 3313 303 3374 Iam
317 3331 397 3376 nune
409 3315 488 3377 haec
502 3333 522 3377 a
534 3331 592 3387 me,
615 3315 757 3375 iuvenum
773 3313 915 3388 belloque
928 3320 1060 3387 togaque

279 3395 419 3472 Mardme,
440 3399 520 3461 dicta
533 3398 587 3462 tibi
601 3398 783 3461 vaticinante
797 3403 878 3458 nota.
975 3402 978 3409 ’
