2598 3812
143 188 206 257 ιω
591 129 743 245 munis⁸

266 337 437 410 Nostraque
450 331 635 407 longinquus
648 333 768 393 viscera
780 329 875 421 piscis
889 329 975 392 oderi
1023 378 1030 387 .

227 421 301 484 Sive
315 419 492 496 parmulae
507 410 632 490 carpent
644 431 713 476 mea
726 415 862 476 mambra
875 414 1033 477 volueram

269 503 341 565 Sive
351 516 419 561 meo
433 502 569 573 tinguent
582 499 730 573 sanguine
743 505 843 557 rostra
856 497 935 574 lupis

226 587 299 650 Sive
313 585 422 660 aliquis
436 583 577 657 dignatus
592 582 648 641 erit
662 581 836 657 subponere
850 586 963 641 terrac
1049 586 1056 611 ¹

162 679 215 734 150
264 670 303 730 Et
316 670 389 728 dare
403 665 524 742 plebeio
539 679 652 739 eorpus
666 666 756 725 inane
770 679 856 740 rogo.

225 752 373 830 Quicquid
390 765 452 821 ero,
475 747 591 825 Stygiis
605 762 763 823 erumpere
776 748 854 807 nitar
867 746 905 809 ab
921 748 992 822 oris,

265 836 303 895 Et
317 832 439 895 tendam
455 831 573 905 gelidas
587 830 711 891 ultorio
726 847 781 891 ora
794 846 911 893 manns.

223 919 273 983 Me
287 916 417 992 vigilans
432 929 548 973 cemes.
580 915 679 974 tacitis
694 929 751 989 ego
766 913 864 975 noeds
878 915 910 974 in
923 910 1036 975 umbris

265 999 427 1060 Excutiam
438 1012 564 1057 somnos
577 996 664 1057 visus
679 997 791 1057 adesse
805 1003 885 1059 tuos.

163 1097 212 1152 155
223 1085 361 1158 Denique
375 1080 520 1157 quicquid
534 1094 617 1153 ages,
639 1087 709 1139 ante
726 1095 762 1139 os
779 1080 946 1156 oculosque
961 1078 1074 1142 volabo

202 1204 204 1209 -
266 1167 303 1227 Et
318 1181 436 1242 querar,
458 1170 490 1223 et
503 1163 585 1222 nulla
598 1163 674 1222 sede
689 1163 808 1239 quletus
823 1164 894 1225 eris.

224 1251 361 1310 Verbera
374 1255 453 1308 torta
467 1246 581 1306 dabunt
595 1247 735 1321 sonitum,
756 1261 916 1322 nexaeque
930 1247 1062 1311 colubris

267 1333 398 1393 Conscia
411 1330 565 1389 fumabunt
579 1345 700 1405 semper
714 1329 754 1389 ad
769 1344 823 1389 ora
837 1329 931 1389 laces.

224 1416 279 1476 His
293 1415 382 1476 virus
397 1414 481 1475 iuriis
494 1412 658 1487 agitabere,
681 1419 816 1473 mortuus
831 1413 943 1473 Isdem:

162 1505 215 1562 160
264 1498 302 1558 Et
314 1497 435 1557 brevior
449 1511 549 1572 poena
563 1496 625 1555 vita
638 1496 736 1555 lutura
747 1503 801 1580 tua
815 1504 871 1556 est.

224 1582 285 1642 Nec
299 1579 353 1641 tibi
367 1580 541 1654 oondngent
555 1579 646 1639 funus
660 1580 864 1656 lacrimaeque
877 1586 1012 1641 tucrumt

265 1663 489 1740 Indeploratum
502 1662 652 1738 proiciere
668 1670 773 1738 capnt=

225 1747 442 1822 camidcisque
456 1762 553 1819 manu,
568 1747 882 1821 populo-plaudente,
903 1744 1041 1820 traheris,

267 1831 444 1906 Infixusque
457 1830 517 1890 tals
533 1828 658 1889 ossibus
672 1843 769 1891 uncus
784 1829 848 1889 erit.

161 1925 213 1983 165
223 1915 313 1991 Ipsae
326 1920 357 1973 te
370 1915 492 1988 fugient,
516 1927 595 1985 qnae
610 1918 738 1986 carpunt
752 1912 861 1982 omnia,
884 1907 1039 1971 flammae:

265 1998 401 2071 Respuet
413 1996 543 2055 invisum
556 1994 637 2054 iusta
652 1994 784 2053 cadaver
798 1993 917 2059 humus.

223 2078 381 2153 Unguibus
396 2084 425 2137 et
439 2083 540 2137 rostro
554 2078 660 2137 tardus
674 2077 775 2139 mahat
788 2076 840 2136 illa
852 2077 962 2150 vultur,

264 2161 302 2221 Et
316 2160 456 2221 scindent
467 2160 549 2219 avidi
564 2159 683 2235 perlida
698 2160 792 2221 corda
806 2174 908 2221 aarum.

222 2245 328 2319 Deque
341 2250 392 2303 tuo
407 2244 493 2305 liet...
507 2243 578 2302 licet
590 2243 648 2304 hac
664 2243 707 2304 sis
724 2243 815 2303 lande
828 2243 1015 2323 superbus...

161 2332 212 2389 llo
263 2325 483 2387 Insatiabilibus
498 2341 627 2402 corpore
640 2326 708 2387 risa
721 2327 812 2402 lupis.
888 2388 891 2392 Α

222 2411 256 2471 ln
270 2411 339 2470 loca
354 2408 392 2469 ab
405 2409 519 2486 Elysiis
535 2409 660 2470 diversa
673 2409 818 2485 lugebere
831 2408 957 2486 campis,

265 2493 408 2568 Quasque
421 2498 503 2553 tenet
517 2493 609 2553 sedes
622 2493 717 2554 noxia
730 2492 826 2568 turba,
848 2495 942 2554 coles.

223 2576 377 2654 Sisyphus
391 2575 512 2636 estillic
527 2591 636 2635 saxum
649 2575 842 2650 volvensque
855 2584 1034 2652 petensque,

265 2660 381 2735 Quique
396 2660 493 2734 agitur
508 2659 636 2736 rapidae
649 2660 768 2719 vlnctus
784 2658 822 2718 ab
837 2659 911 2735 orbe
924 2666 1018 2731 rotae,

160 2754 210 2812 175
221 2743 366 2819 Quaeque
379 2751 487 2817 gerunt
500 2743 633 2803 humeris
647 2742 797 2818 perituras
809 2742 932 2804 Belides
947 2742 1054 2816 undas,

262 2825 367 2885 Exulis
382 2827 525 2905 Aegypti,
547 2825 635 2886 turba
649 2833 781 2904 cruenta,
804 2842 908 2889 nurus

219 2910 314 2981 Poma
327 2915 413 2983 pater
425 2909 547 2989 Pelopis
562 2910 735 2986 praesentIa
750 2910 875 2984 quaerit,
900 2915 930 2968 et
944 2908 1024 2968 idem

218 3068 221 3073 .
262 2992 389 3066 Semper
407 3000 483 3067 eget,
505 2994 629 3067 liquidis
644 3008 767 3068 semper
782 2992 916 3052 abundat
929 2993 1033 3067 aquis:

219 3074 439 3152 Iugeribusque
454 3091 565 3137 novem
579 3093 715 3137 summus
731 3076 784 3151 qni
799 3075 889 3136 distat
903 3075 941 3134 ab
956 3076 1026 3149 imo,

158 3166 210 3220 180
261 3158 450 3233 Visceraque
465 3158 609 3219 assiduae
624 3159 725 3218 debita
738 3157 863 3234 praebet
877 3158 936 3218 avi.

220 3242 276 3302 llic
290 3242 344 3303 tibi
358 3243 397 3302 de
410 3241 508 3301 Furiis
524 3242 642 3305 scindet
654 3243 734 3301 latus
748 3258 809 3300 una
822 3241 954 3317 flagello,

230 3397 234 3403 Ι
261 3325 300 3385 Ut
315 3326 438 3384 sceleris
454 3339 597 3384 numeros
614 3325 778 3384 confiteare
792 3323 848 3382 tui:

220 3406 325 3467 Altera
337 3407 485 3471 Tartareis
501 3409 602 3466 sectos
618 3407 703 3466 dabit
716 3404 864 3479 anguibus
879 3414 973 3467 artus:
