2602 3816
76 126 83 149 ³
159 188 222 254 aba
535 185 790 249 FASTORUM
860 194 864 205 '

242 339 362 402 Scilicet
376 355 460 400 anua
473 339 570 415 magis
585 355 676 415 quam
690 337 800 410 sidera,
819 338 959 412 Romule,
980 353 1084 412 coras,

195 432 232 487 30
281 423 419 498 Curaque
432 423 575 485 finitimos
590 423 712 481 vincere
726 423 822 482 maior
835 429 908 482 erat.

238 506 294 567 Est
306 501 406 567 t'arnen
420 514 450 567 et
463 507 548 580 ratio,
571 505 692 579 Caesar,
714 521 793 579 quae
807 505 935 566 moverit
948 504 1046 565 illum=

277 589 478 664 Erroremque
493 604 581 649 suum
595 604 656 664 quo
671 595 796 661 tueatur,
818 586 918 649 habet.

240 673 327 748 Quod
341 673 415 733 satis
430 679 484 745 est,
504 678 589 732 utero
605 672 708 751 matris
724 671 795 731 dum
809 672 939 747 prodeat
951 671 1061 743 infans,

278 755 344 816 Hoc
359 771 438 815 anno
453 755 556 831 statuit
569 755 715 830 temporis
730 771 801 815 esse
814 754 899 816 satis.

194 847 229 915 35
239 840 296 900 Per
308 839 431 900 tolidem
445 853 567 898 menses
583 854 601 897 a
615 838 719 898 funere
733 839 871 913 coniugis
885 854 963 917 uxor

281 921 414 983 Sustinet
423 921 456 981 iu
471 921 565 981 vidua
578 921 675 981 tristia
689 922 777 996 signa
791 922 893 984 domo.
945 960 949 967 -
963 950 969 989 ς

238 1007 321 1067 ilaec
334 1005 424 1080 igitur
437 1005 511 1064 vidit
523 1005 649 1065 trabeati
664 1021 738 1066 cura
753 1004 866 1080 Quirini

194 1126 201 1142 ,
281 1089 353 1149 cum
366 1088 493 1150 rudibus
507 1089 630 1164 populis
645 1104 746 1149 annua
762 1090 829 1151 iura
842 1088 940 1165 darett
992 1156 994 1161 ,
1053 1086 1091 1155 .'

239 1171 343 1232 Martis
358 1179 423 1232 erat
436 1173 551 1248 primus
565 1172 689 1244 mensis,
709 1172 900 1247 Venerisque
914 1170 1085 1232 secundus:

193 1264 229 1319 40
277 1253 361 1315 Haec
374 1254 493 1330 generis
510 1256 661 1331 princeps,
681 1255 780 1331 ipsius
794 1255 844 1315 ille
856 1263 959 1331 palei-2

97 1342 100 1349 '
238 1338 355 1399 Tertius
369 1355 389 1398 a
401 1338 534 1414 senibus,
557 1339 700 1400 iuvenum
714 1339 753 1398 de
768 1339 888 1400 nomine
903 1344 1043 1414 quartus:

281 1418 363 1496 Quae
376 1423 520 1499 sequitur,
542 1439 666 1484 numero
681 1421 769 1483 turba
782 1428 885 1507 notata
898 1423 961 1482 fuit.

239 1508 280 1567 At
292 1505 388 1566 Numa
401 1522 457 1566 nee
470 1507 576 1567 lanum
590 1522 646 1567 nec
660 1506 757 1569 avitas
772 1505 1057 1582 praecentoribus,

279 1588 435 1663 iliensibus
450 1591 581 1666 antiquis
595 1591 831 1666 praeposuitque
846 1590 935 1651 duos.
959 1632 961 1635 ψ
997 1614 1000 1621 ’

193 1679 228 1734 45
238 1673 282 1733 Ne
295 1679 395 1732 tauron
409 1673 530 1749 ignores
547 1675 698 1734 variorum
711 1674 776 1734 iura
791 1674 915 1747 dierum,

280 1756 348 1816 Non
362 1755 452 1818 habet
467 1757 559 1819 oflicii
575 1758 681 1818 lucifer
696 1759 794 1818 omnis
813 1758 903 1816 idem.
953 1750 955 1759 ⁴

232 1839 293 1923 xIlle
308 1841 444 1901 nefastus
459 1841 528 1913 erit,
549 1856 605 1916 per
621 1857 712 1917 quem
725 1836 782 1905 tria
800 1839 896 1901 verba
910 1840 1046 1911 silentur,

280 1924 390 1984 Festus
405 1924 474 1997 erit,
490 1940 546 1999 per
560 1940 651 1998 quem
669 1925 738 1999 lege
751 1923 853 1984 licebit
867 1924 927 2000 agi.

239 2007 300 2067 Nec
314 2014 377 2067 toto
392 2014 528 2083 perstare
543 2007 592 2067 die
606 2023 663 2067 sua
675 2006 743 2068 iura
755 2007 886 2082 putaris:

197 2097 232 2153 oo
284 2090 339 2165 ou
353 2091 413 2150 iam
427 2092 523 2152 fastus
539 2091 609 2165 erit,
628 2106 716 2151 mane
733 2092 869 2153 nefastus
884 2099 957 2151 erat.

240 2174 315 2234 Nam
331 2174 419 2234 simul
433 2181 503 2234 exta
519 2175 578 2235 deo
594 2174 664 2234 data
678 2180 763 2248 sunt,
778 2175 849 2235 licet
862 2174 964 2236 omnia
976 2172 1041 2246 sari,

174 2280 176 2284 ·
280 2258 444 2331 Verbaque
457 2257 623 2318 honoratus
639 2255 734 2317 libera
748 2265 869 2334 praetor
882 2257 982 2318 habet

240 2340 295 2400 Est
312 2356 448 2416 quoque,
465 2357 525 2417 quo
539 2341 687 2416 populum
700 2343 748 2402 ius
764 2349 811 2402 est
829 2341 984 2403 includere
998 2339 1126 2417 saeptis.

280 2424 336 2484 Est
350 2438 487 2498 quoque,
503 2424 555 2500 qui
568 2441 649 2486 nono
665 2440 786 2500 semper
805 2425 843 2485 ab
857 2423 931 2485 orbe
943 2422 1032 2485 redit.

197 2504 383 2569 55Viudicet
395 2508 549 2568 Ausonias
568 2508 691 2569 Iunonis
708 2524 780 2575 cura
793 2508 958 2569 Kalendas.
1006 2534 1010 2543 s

281 2591 383 2651 Idibus
398 2590 468 2654 alba
480 2591 546 2651 iovi
560 2592 703 2666 grandior
716 2592 911 2667 agnocadil.'

210 2686 215 2701 ¹
239 2675 392 2737 Nonarum
405 2675 498 2736 tutela
512 2676 571 2736 deo
587 2682 678 2735 caret.
706 2673 852 2736 Omnibus
867 2674 967 2735 istis...

280 2759 325 2818 Ne
339 2759 442 2818 fallare
457 2775 562 2819 cave...
576 2759 732 2834 proximus
747 2766 812 2821 ater
825 2760 890 2823 erit·
910 2760 913 2765 ’
969 2756 971 2761 ’

239 2839 334 2901 Omen
349 2840 387 2900 ab
402 2849 511 2903 eventu
526 2849 582 2903 est.
612 2842 670 2902 illis
685 2859 755 2903 nam
767 2844 866 2904 Roma
880 2838 1005 2905 diebus:

196 2930 233 2986 60
283 2925 400 2985 Damna
413 2925 469 2986 sub
485 2942 594 2987 averso
609 2926 706 2986 tristia
716 2926 811 2988 Marte
824 2924 899 2987 tulit.

238 3008 322 3068 Haeo
335 3006 407 3067 mihi
422 3008 503 3068 dicta
516 3009 624 3082 semel,
639 3009 710 3070 totis
724 3010 880 3069 haerentia
894 3004 991 3080 fastis,

280 3091 325 3152 Na
338 3090 447 3152 seriem
459 3108 558 3154 rerum
575 3092 715 3159 scindere
730 3109 836 3169 cogar,
853 3096 952 3152 erunt.

505 3221 534 3285 l.
560 3224 801 3287 ull-lauf

238 3344 319 3405 Ecce
331 3343 389 3411 ubl
403 3345 549 3416 faustum,
566 3344 756 3419 Germanice,
771 3344 886 3404 nuntiat
898 3358 1008 3405 annum
1116 3395 1121 3403 .

234 3438 238 3451 '
281 3422 378 3503 lnque
390 3443 457 3488 meo
472 3426 588 3504 primus
602 3427 734 3489 carmine
749 3425 840 3487 Ianus
855 3426 951 3513 adest
