<?xml version="1.0" encoding="UTF-8"?>
<!DOCTYPE html PUBLIC "-//W3C//DTD XHTML 1.0 Transitional//EN"
    "http://www.w3.org/TR/xhtml1/DTD/xhtml1-transitional.dtd">
<html xmlns="http://www.w3.org/1999/xhtml" xml:lang="en" lang="en">
 <head>
  <title>
</title>
<meta http-equiv="Content-Type" content="text/html;charset=utf-8" />
  <meta name='ocr-system' content='tesseract 3.04.00' />
  <meta name='ocr-capabilities' content='ocr_page ocr_carea ocr_par ocr_line ocrx_word'/>
</head>
<body>
  <div class='ocr_page' id='page_1' title='image "./povidiusnaso00merkgoog_0222.png"; bbox 0 0 2602 3816; ppageno 0'>
   <div class='ocr_carea' id='block_1_1' title="bbox 524 212 1168 305">
    <p class='ocr_par' dir='ltr' id='par_1_1' title="bbox 524 212 1168 305">
     <span class='ocr_line' id='line_1_1' title="bbox 524 212 1168 305; baseline 0.006 -29"><span class='ocrx_word' id='word_1_1' title='bbox 524 217 552 293; x_wconf 90' lang='lat'><strong>1,</strong></span> <span class='ocrx_word' id='word_1_2' title='bbox 575 212 749 305; x_wconf 56' lang='lat' dir='ltr'><strong>rto-7254.</strong></span> <span class='ocrx_word' id='word_1_3' title='bbox 898 280 902 285; x_wconf 81' lang='grc'>,</span> <span class='ocrx_word' id='word_1_4' title='bbox 1041 212 1168 280; x_wconf 75' lang='lat' dir='ltr'><strong>aot·</strong></span> 
     </span>
    </p>
   </div>
   <div class='ocr_carea' id='block_1_2' title="bbox 111 364 1132 3524">
    <p class='ocr_par' dir='ltr' id='par_1_2' title="bbox 111 364 1132 3524">
     <span class='ocr_line' id='line_1_2' title="bbox 217 364 1044 443; baseline 0 -15"><span class='ocrx_word' id='word_1_5' title='bbox 217 366 251 428; x_wconf 90' lang='lat' dir='ltr'><strong>ln</strong></span> <span class='ocrx_word' id='word_1_6' title='bbox 270 364 367 443; x_wconf 85' lang='lat' dir='ltr'><strong>pretio</strong></span> <span class='ocrx_word' id='word_1_7' title='bbox 383 365 512 442; x_wconf 88' lang='lat' dir='ltr'><strong>pretium</strong></span> <span class='ocrx_word' id='word_1_8' title='bbox 527 367 609 428; x_wconf 79' lang='lat' dir='ltr'><strong>dunc</strong></span> <span class='ocrx_word' id='word_1_9' title='bbox 624 373 680 427; x_wconf 88' lang='lat' dir='ltr'><strong>est.</strong></span> <span class='ocrx_word' id='word_1_10' title='bbox 708 367 761 428; x_wconf 91' lang='lat' dir='ltr'><strong>dat</strong></span> <span class='ocrx_word' id='word_1_11' title='bbox 775 383 885 427; x_wconf 87' lang='lat' dir='ltr'><strong>census</strong></span> <span class='ocrx_word' id='word_1_12' title='bbox 899 365 1044 441; x_wconf 80' lang='lat' dir='ltr'>honores,</span> 
     </span>
     <span class='ocr_line' id='line_1_3' title="bbox 261 450 920 527; baseline -0.005 -16"><span class='ocrx_word' id='word_1_13' title='bbox 261 451 377 511; x_wconf 82' lang='lat' dir='ltr'>Census</span> <span class='ocrx_word' id='word_1_14' title='bbox 392 451 547 510; x_wconf 73' lang='lat' dir='ltr'><strong>amicitias.</strong></span> <span class='ocrx_word' id='word_1_15' title='bbox 575 465 693 526; x_wconf 85' lang='lat' dir='ltr'>pauper</span> <span class='ocrx_word' id='word_1_16' title='bbox 706 450 819 527; x_wconf 89' lang='lat' dir='ltr'><strong>ubique</strong></span> <span class='ocrx_word' id='word_1_17' title='bbox 833 452 920 509; x_wconf 90' lang='lat' dir='ltr'><strong>iacet.</strong></span> 
     </span>
     <span class='ocr_line' id='line_1_4' title="bbox 217 533 1000 609; baseline -0.001 -14"><span class='ocrx_word' id='word_1_18' title='bbox 217 534 263 595; x_wconf 89' lang='lat' dir='ltr'><strong>Tu</strong></span> <span class='ocrx_word' id='word_1_19' title='bbox 275 539 375 594; x_wconf 85' lang='lat' dir='ltr'><strong>tamen</strong></span> <span class='ocrx_word' id='word_1_20' title='bbox 390 533 559 609; x_wconf 80' lang='lat' dir='ltr'><strong>auspicium</strong></span> <span class='ocrx_word' id='word_1_21' title='bbox 573 534 600 593; x_wconf 91' lang='lat' dir='ltr'><strong>si</strong></span> <span class='ocrx_word' id='word_1_22' title='bbox 614 535 654 594; x_wconf 91' lang='lat' dir='ltr'><strong>sit</strong></span> <span class='ocrx_word' id='word_1_23' title='bbox 667 534 753 609; x_wconf 90' lang='lat' dir='ltr'><strong>stipis</strong></span> <span class='ocrx_word' id='word_1_24' title='bbox 767 535 853 607; x_wconf 78' lang='lat' dir='ltr'><strong>rutile,</strong></span> <span class='ocrx_word' id='word_1_25' title='bbox 869 533 1000 608; x_wconf 85' lang='lat' dir='ltr'><strong>quaeris,</strong></span> 
     </span>
     <span class='ocr_line' id='line_1_5' title="bbox 154 614 991 691; baseline 0 -14"><span class='ocrx_word' id='word_1_26' title='bbox 154 614 209 683; x_wconf 67' lang='lat' dir='ltr'><strong>aaa</strong></span> <span class='ocrx_word' id='word_1_27' title='bbox 263 615 383 691; x_wconf 78' lang='lat' dir='ltr'><strong>Gurque</strong></span> <span class='ocrx_word' id='word_1_28' title='bbox 394 618 498 676; x_wconf 87' lang='lat' dir='ltr'><strong>iuvent</strong></span> <span class='ocrx_word' id='word_1_29' title='bbox 510 623 631 677; x_wconf 84' lang='lat' dir='ltr'><strong>vestras</strong></span> <span class='ocrx_word' id='word_1_30' title='bbox 646 632 717 676; x_wconf 83' lang='lat' dir='ltr'><strong>aera</strong></span> <span class='ocrx_word' id='word_1_31' title='bbox 731 624 848 677; x_wconf 69' lang='lat' dir='ltr'><strong>velada</strong></span> <span class='ocrx_word' id='word_1_32' title='bbox 862 623 991 677; x_wconf 84' lang='lat' dir='ltr'><strong>mauust</strong></span> 
     </span>
     <span class='ocr_line' id='line_1_6' title="bbox 217 698 1052 775; baseline 0 -16"><span class='ocrx_word' id='word_1_33' title='bbox 217 702 299 759; x_wconf 87' lang='lat' dir='ltr'><strong>Aera</strong></span> <span class='ocrx_word' id='word_1_34' title='bbox 313 698 425 758; x_wconf 88' lang='lat' dir='ltr'><strong>dabant</strong></span> <span class='ocrx_word' id='word_1_35' title='bbox 437 699 518 759; x_wconf 91' lang='lat' dir='ltr'><strong>olim.</strong></span> <span class='ocrx_word' id='word_1_36' title='bbox 542 699 654 761; x_wconf 89' lang='lat' dir='ltr'><strong>melius</strong></span> <span class='ocrx_word' id='word_1_37' title='bbox 663 715 745 760; x_wconf 89' lang='lat' dir='ltr'><strong>nunc</strong></span> <span class='ocrx_word' id='word_1_38' title='bbox 762 716 849 761; x_wconf 83' lang='lat' dir='ltr'><strong>omen</strong></span> <span class='ocrx_word' id='word_1_39' title='bbox 864 700 894 758; x_wconf 85' lang='lat' dir='ltr'><strong>in</strong></span> <span class='ocrx_word' id='word_1_40' title='bbox 908 716 982 761; x_wconf 86' lang='lat' dir='ltr'><strong>auro</strong></span> <span class='ocrx_word' id='word_1_41' title='bbox 996 707 1052 775; x_wconf 79' lang='lat' dir='ltr'><strong>est,</strong></span> 
     </span>
     <span class='ocr_line' id='line_1_7' title="bbox 257 782 944 858; baseline -0.004 -15"><span class='ocrx_word' id='word_1_42' title='bbox 257 782 409 858; x_wconf 82' lang='lat' dir='ltr'><strong>Victaque</strong></span> <span class='ocrx_word' id='word_1_43' title='bbox 423 783 576 844; x_wconf 87' lang='lat' dir='ltr'><strong>concessit</strong></span> <span class='ocrx_word' id='word_1_44' title='bbox 586 783 688 857; x_wconf 87' lang='lat' dir='ltr'><strong>prisca</strong></span> <span class='ocrx_word' id='word_1_45' title='bbox 700 790 823 844; x_wconf 87' lang='lat' dir='ltr'><strong>moneta</strong></span> <span class='ocrx_word' id='word_1_46' title='bbox 836 796 944 842; x_wconf 85' lang='lat' dir='ltr'><strong>novae.</strong></span> 
     </span>
     <span class='ocr_line' id='line_1_8' title="bbox 218 865 1132 942; baseline 0.003 -18"><span class='ocrx_word' id='word_1_47' title='bbox 218 865 280 927; x_wconf 91' lang='lat' dir='ltr'><strong>Nos</strong></span> <span class='ocrx_word' id='word_1_48' title='bbox 294 881 416 941; x_wconf 87' lang='lat' dir='ltr'><strong>quoque</strong></span> <span class='ocrx_word' id='word_1_49' title='bbox 426 867 539 940; x_wconf 89' lang='lat' dir='ltr'><strong>templa</strong></span> <span class='ocrx_word' id='word_1_50' title='bbox 549 866 660 937; x_wconf 80' lang='lat' dir='ltr'><strong>iuvant,</strong></span> <span class='ocrx_word' id='word_1_51' title='bbox 676 868 815 940; x_wconf 89' lang='lat' dir='ltr'><strong>quamvis</strong></span> <span class='ocrx_word' id='word_1_52' title='bbox 827 865 949 941; x_wconf 87' lang='lat' dir='ltr'><strong>antiqua</strong></span> <span class='ocrx_word' id='word_1_53' title='bbox 959 865 1132 942; x_wconf 89' lang='lat' dir='ltr'><strong>probemus,</strong></span> 
     </span>
     <span class='ocr_line' id='line_1_9' title="bbox 131 948 848 1017; baseline -0.003 -9"><span class='ocrx_word' id='word_1_54' title='bbox 131 1000 145 1017; x_wconf 83' lang='grc'><em>,</em></span> <span class='ocrx_word' id='word_1_55' title='bbox 259 951 370 1008; x_wconf 86' lang='lat' dir='ltr'><strong>Aurea.</strong></span> <span class='ocrx_word' id='word_1_56' title='bbox 397 951 539 1009; x_wconf 87' lang='lat' dir='ltr'><strong>maiestas</strong></span> <span class='ocrx_word' id='word_1_57' title='bbox 554 948 696 1008; x_wconf 88' lang='lat' dir='ltr'><strong>convenit</strong></span> <span class='ocrx_word' id='word_1_58' title='bbox 708 948 766 1009; x_wconf 91' lang='lat' dir='ltr'><strong>ista</strong></span> <span class='ocrx_word' id='word_1_59' title='bbox 779 950 848 1010; x_wconf 87' lang='lat' dir='ltr'><strong>deo.</strong></span> 
     </span>
     <span class='ocr_line' id='line_1_10' title="bbox 152 1030 971 1107; baseline -0.007 -12"><span class='ocrx_word' id='word_1_60' title='bbox 152 1038 205 1095; x_wconf 70' lang='lat'><strong>225</strong></span> <span class='ocrx_word' id='word_1_61' title='bbox 217 1030 388 1092; x_wconf 84' lang='lat' dir='ltr'><strong>Laudamus</strong></span> <span class='ocrx_word' id='word_1_62' title='bbox 403 1039 537 1107; x_wconf 79' lang='lat' dir='ltr'><strong>veteres,</strong></span> <span class='ocrx_word' id='word_1_63' title='bbox 551 1031 608 1092; x_wconf 88' lang='lat' dir='ltr'><strong>scd</strong></span> <span class='ocrx_word' id='word_1_64' title='bbox 622 1032 733 1091; x_wconf 90' lang='lat' dir='ltr'><strong>uostris</strong></span> <span class='ocrx_word' id='word_1_65' title='bbox 746 1033 856 1093; x_wconf 90' lang='lat' dir='ltr'><strong>utimur</strong></span> <span class='ocrx_word' id='word_1_66' title='bbox 869 1032 971 1092; x_wconf 70' lang='lat' dir='ltr'><strong>annisi</strong></span> 
     </span>
     <span class='ocr_line' id='line_1_11' title="bbox 260 1114 976 1192; baseline 0 -18"><span class='ocrx_word' id='word_1_67' title='bbox 260 1114 329 1175; x_wconf 89' lang='lat' dir='ltr'><strong>Mos</strong></span> <span class='ocrx_word' id='word_1_68' title='bbox 343 1121 442 1176; x_wconf 82' lang='lat' dir='ltr'><strong>umen</strong></span> <span class='ocrx_word' id='word_1_69' title='bbox 457 1121 504 1176; x_wconf 89' lang='lat' dir='ltr'><strong>est</strong></span> <span class='ocrx_word' id='word_1_70' title='bbox 516 1126 616 1192; x_wconf 83' lang='lat' dir='ltr'><strong>acque</strong></span> <span class='ocrx_word' id='word_1_71' title='bbox 629 1115 739 1190; x_wconf 80' lang='lat' dir='ltr'><strong>dignus</strong></span> <span class='ocrx_word' id='word_1_72' title='bbox 753 1122 879 1191; x_wconf 88' lang='lat' dir='ltr'><strong>uterque</strong></span> <span class='ocrx_word' id='word_1_73' title='bbox 895 1116 976 1174; x_wconf 69' lang='lat' dir='ltr'><strong>coli!</strong></span> 
     </span>
     <span class='ocr_line' id='line_1_12' title="bbox 219 1197 992 1273; baseline 0.001 -16"><span class='ocrx_word' id='word_1_74' title='bbox 219 1197 350 1258; x_wconf 86' lang='lat' dir='ltr'><strong>Finierat</strong></span> <span class='ocrx_word' id='word_1_75' title='bbox 361 1200 501 1260; x_wconf 88' lang='lat' dir='ltr'><strong>monitus.</strong></span> <span class='ocrx_word' id='word_1_76' title='bbox 528 1198 660 1259; x_wconf 88' lang='lat' dir='ltr'><strong>Placidis</strong></span> <span class='ocrx_word' id='word_1_77' title='bbox 674 1199 716 1259; x_wconf 91' lang='lat' dir='ltr'><strong>ita</strong></span> <span class='ocrx_word' id='word_1_78' title='bbox 728 1214 851 1271; x_wconf 87' lang='lat' dir='ltr'><strong>rursus,</strong></span> <span class='ocrx_word' id='word_1_79' title='bbox 866 1204 992 1273; x_wconf 76' lang='lat' dir='ltr'><strong>tutante,</strong></span> 
     </span>
     <span class='ocr_line' id='line_1_13' title="bbox 261 1281 928 1358; baseline -0.007 -16"><span class='ocrx_word' id='word_1_80' title='bbox 261 1282 448 1357; x_wconf 77' lang='lat' dir='ltr'><strong>clavigerum</strong></span> <span class='ocrx_word' id='word_1_81' title='bbox 461 1283 564 1343; x_wconf 88' lang='lat' dir='ltr'><strong>verbis</strong></span> <span class='ocrx_word' id='word_1_82' title='bbox 579 1282 729 1356; x_wconf 91' lang='lat' dir='ltr'><strong>adloquor</strong></span> <span class='ocrx_word' id='word_1_83' title='bbox 741 1281 809 1358; x_wconf 84' lang='lat' dir='ltr'><strong>ipsc</strong></span> <span class='ocrx_word' id='word_1_84' title='bbox 823 1282 928 1343; x_wconf 80' lang='lat' dir='ltr'><strong>deum:</strong></span> 
     </span>
     <span class='ocr_line' id='line_1_14' title="bbox 220 1364 992 1442; baseline 0.001 -17"><span class='ocrx_word' id='word_1_85' title='bbox 220 1364 324 1425; x_wconf 73' lang='lat' dir='ltr'><strong>‘Multa</strong></span> <span class='ocrx_word' id='word_1_86' title='bbox 340 1366 462 1442; x_wconf 84' lang='lat' dir='ltr'><strong>quidem</strong></span> <span class='ocrx_word' id='word_1_87' title='bbox 475 1366 578 1426; x_wconf 87' lang='lat' dir='ltr'><strong>didici.</strong></span> <span class='ocrx_word' id='word_1_88' title='bbox 605 1366 662 1441; x_wconf 88' lang='lat' dir='ltr'><strong>sed</strong></span> <span class='ocrx_word' id='word_1_89' title='bbox 676 1381 730 1426; x_wconf 90' lang='lat' dir='ltr'><strong>cur</strong></span> <span class='ocrx_word' id='word_1_90' title='bbox 743 1365 860 1425; x_wconf 88' lang='lat' dir='ltr'><strong>navalis</strong></span> <span class='ocrx_word' id='word_1_91' title='bbox 876 1365 906 1423; x_wconf 88' lang='lat' dir='ltr'><strong>iu</strong></span> <span class='ocrx_word' id='word_1_92' title='bbox 921 1380 992 1426; x_wconf 82' lang='lat' dir='ltr'><strong>aere</strong></span> 
     </span>
     <span class='ocr_line' id='line_1_15' title="bbox 154 1444 942 1524; baseline -0.003 -15"><span class='ocrx_word' id='word_1_93' title='bbox 154 1465 209 1521; x_wconf 74' lang='lat' dir='ltr'><strong>aaa</strong></span> <span class='ocrx_word' id='word_1_94' title='bbox 263 1450 367 1509; x_wconf 84' lang='lat' dir='ltr'><strong>Altera</strong></span> <span class='ocrx_word' id='word_1_95' title='bbox 377 1450 495 1524; x_wconf 76' lang='lat' dir='ltr'><strong>signata</strong></span> <span class='ocrx_word' id='word_1_96' title='bbox 509 1456 570 1522; x_wconf 86' lang='lat' dir='ltr'><strong>est,</strong></span> <span class='ocrx_word' id='word_1_97' title='bbox 586 1444 681 1509; x_wconf 85' lang='lat' dir='ltr'><strong>altera</strong></span> <span class='ocrx_word' id='word_1_98' title='bbox 693 1450 790 1509; x_wconf 80' lang='lat' dir='ltr'><strong>torma</strong></span> <span class='ocrx_word' id='word_1_99' title='bbox 802 1448 942 1522; x_wconf 83' lang='lat' dir='ltr'><strong>bicepst’</strong></span> 
     </span>
     <span class='ocr_line' id='line_1_16' title="bbox 221 1531 1022 1608; baseline 0.004 -17"><span class='ocrx_word' id='word_1_100' title='bbox 221 1532 366 1595; x_wconf 68' lang='lat' dir='ltr'><strong>‘Nascere</strong></span> <span class='ocrx_word' id='word_1_101' title='bbox 380 1548 429 1591; x_wconf 91' lang='lat' dir='ltr'><strong>mc</strong></span> <span class='ocrx_word' id='word_1_102' title='bbox 444 1533 557 1608; x_wconf 87' lang='lat' dir='ltr'><strong>duplici</strong></span> <span class='ocrx_word' id='word_1_103' title='bbox 571 1547 683 1608; x_wconf 89' lang='lat' dir='ltr'><strong>posses</strong></span> <span class='ocrx_word' id='word_1_104' title='bbox 718 1538 730 1592; x_wconf 92' lang='lat' dir='ltr'><strong>t</strong></span> <span class='ocrx_word' id='word_1_105' title='bbox 743 1533 902 1607; x_wconf 82' lang='lat' dir='ltr'><strong>imagine‚&#39;</strong></span> <span class='ocrx_word' id='word_1_106' title='bbox 915 1531 992 1594; x_wconf 83' lang='lat' dir='ltr'><strong>dixit</strong></span> <span class='ocrx_word' id='word_1_107' title='bbox 1018 1562 1022 1569; x_wconf 90' lang='lat'><em>·</em></span> 
     </span>
     <span class='ocr_line' id='line_1_17' title="bbox 262 1616 889 1691; baseline -0.006 -16"><span class='ocrx_word' id='word_1_108' title='bbox 262 1616 309 1675; x_wconf 72' lang='lat' dir='ltr'><strong>‘Ni</strong></span> <span class='ocrx_word' id='word_1_109' title='bbox 322 1624 411 1676; x_wconf 85' lang='lat' dir='ltr'><strong>vetus</strong></span> <span class='ocrx_word' id='word_1_110' title='bbox 425 1616 494 1691; x_wconf 90' lang='lat' dir='ltr'><strong>ipsa</strong></span> <span class='ocrx_word' id='word_1_111' title='bbox 510 1616 576 1674; x_wconf 89' lang='lat' dir='ltr'><strong>dies</strong></span> <span class='ocrx_word' id='word_1_112' title='bbox 592 1621 680 1674; x_wconf 86' lang='lat' dir='ltr'><strong>exten</strong></span> <span class='ocrx_word' id='word_1_113' title='bbox 703 1622 786 1675; x_wconf 88' lang='lat' dir='ltr'><strong>asset</strong></span> <span class='ocrx_word' id='word_1_114' title='bbox 800 1629 889 1689; x_wconf 91' lang='lat' dir='ltr'><strong>opus.</strong></span> 
     </span>
     <span class='ocr_line' id='line_1_18' title="bbox 220 1697 1080 1774; baseline 0 -14"><span class='ocrx_word' id='word_1_115' title='bbox 220 1699 320 1760; x_wconf 81' lang='lat' dir='ltr'><strong>Causa</strong></span> <span class='ocrx_word' id='word_1_116' title='bbox 331 1699 404 1759; x_wconf 92' lang='lat' dir='ltr'><strong>ratis</strong></span> <span class='ocrx_word' id='word_1_117' title='bbox 420 1705 574 1774; x_wconf 82' lang='lat' dir='ltr'><strong>superest:</strong></span> <span class='ocrx_word' id='word_1_118' title='bbox 601 1697 730 1758; x_wconf 88' lang='lat' dir='ltr'><strong>Tuscum</strong></span> <span class='ocrx_word' id='word_1_119' title='bbox 744 1706 809 1758; x_wconf 87' lang='lat' dir='ltr'><strong>rate</strong></span> <span class='ocrx_word' id='word_1_120' title='bbox 822 1698 906 1757; x_wconf 89' lang='lat' dir='ltr'><strong>veuit</strong></span> <span class='ocrx_word' id='word_1_121' title='bbox 916 1697 947 1757; x_wconf 88' lang='lat' dir='ltr'><strong>iu</strong></span> <span class='ocrx_word' id='word_1_122' title='bbox 962 1710 1080 1760; x_wconf 89' lang='lat' dir='ltr'><strong>amnem</strong></span> 
     </span>
     <span class='ocr_line' id='line_1_19' title="bbox 261 1781 829 1858; baseline -0.004 -16"><span class='ocrx_word' id='word_1_123' title='bbox 261 1785 340 1842; x_wconf 88' lang='lat' dir='ltr'><strong>Ante</strong></span> <span class='ocrx_word' id='word_1_124' title='bbox 355 1789 509 1858; x_wconf 88' lang='lat' dir='ltr'><strong>pererrato</strong></span> <span class='ocrx_word' id='word_1_125' title='bbox 523 1781 641 1842; x_wconf 76' lang='lat' dir='ltr'><strong>falcifer</strong></span> <span class='ocrx_word' id='word_1_126' title='bbox 655 1783 729 1842; x_wconf 82' lang='lat' dir='ltr'><strong>orba</strong></span> <span class='ocrx_word' id='word_1_127' title='bbox 741 1782 829 1842; x_wconf 88' lang='lat' dir='ltr'><strong>deus.</strong></span> 
     </span>
     <span class='ocr_line' id='line_1_20' title="bbox 157 1865 965 1941; baseline -0.01 -11"><span class='ocrx_word' id='word_1_128' title='bbox 157 1875 208 1930; x_wconf 77' lang='lat'><strong>235</strong></span> <span class='ocrx_word' id='word_1_129' title='bbox 222 1866 286 1925; x_wconf 90' lang='lat' dir='ltr'><strong>Hac</strong></span> <span class='ocrx_word' id='word_1_130' title='bbox 300 1881 357 1940; x_wconf 82' lang='lat' dir='ltr'><strong>ego</strong></span> <span class='ocrx_word' id='word_1_131' title='bbox 374 1865 535 1927; x_wconf 87' lang='lat' dir='ltr'><strong>Saturnum</strong></span> <span class='ocrx_word' id='word_1_132' title='bbox 547 1866 668 1925; x_wconf 82' lang='lat' dir='ltr'><strong>memini</strong></span> <span class='ocrx_word' id='word_1_133' title='bbox 683 1866 789 1926; x_wconf 89' lang='lat' dir='ltr'><strong>tellure</strong></span> <span class='ocrx_word' id='word_1_134' title='bbox 798 1868 965 1941; x_wconf 77' lang='lat' dir='ltr'><strong>receptum.</strong></span> 
     </span>
     <span class='ocr_line' id='line_1_21' title="bbox 262 1949 868 2025; baseline -0.005 -15"><span class='ocrx_word' id='word_1_135' title='bbox 262 1949 423 2010; x_wconf 73' lang='lat' dir='ltr'><strong>Caelitibus</strong></span> <span class='ocrx_word' id='word_1_136' title='bbox 436 1951 538 2025; x_wconf 77' lang='lat' dir='ltr'><strong>regnis</strong></span> <span class='ocrx_word' id='word_1_137' title='bbox 553 1966 572 2010; x_wconf 87' lang='lat' dir='ltr'><strong>a</strong></span> <span class='ocrx_word' id='word_1_138' title='bbox 585 1950 658 2009; x_wconf 87' lang='lat' dir='ltr'><strong>love</strong></span> <span class='ocrx_word' id='word_1_139' title='bbox 672 1950 780 2024; x_wconf 91' lang='lat' dir='ltr'><strong>pulsus</strong></span> <span class='ocrx_word' id='word_1_140' title='bbox 795 1955 868 2009; x_wconf 89' lang='lat' dir='ltr'><strong>erat.</strong></span> 
     </span>
     <span class='ocr_line' id='line_1_22' title="bbox 197 2032 871 2108; baseline -0.006 -16"><span class='ocrx_word' id='word_1_141' title='bbox 197 2044 204 2054; x_wconf 90' lang='lat'><strong>·</strong></span> <span class='ocrx_word' id='word_1_142' title='bbox 221 2034 294 2094; x_wconf 89' lang='lat' dir='ltr'><strong>lude</strong></span> <span class='ocrx_word' id='word_1_143' title='bbox 309 2032 359 2092; x_wconf 90' lang='lat' dir='ltr'><strong>diu</strong></span> <span class='ocrx_word' id='word_1_144' title='bbox 373 2034 454 2108; x_wconf 83' lang='lat' dir='ltr'><strong>genti</strong></span> <span class='ocrx_word' id='word_1_145' title='bbox 469 2034 578 2094; x_wconf 88' lang='lat' dir='ltr'><strong>mansit</strong></span> <span class='ocrx_word' id='word_1_146' title='bbox 592 2032 732 2094; x_wconf 88' lang='lat' dir='ltr'><strong>Saturnia</strong></span> <span class='ocrx_word' id='word_1_147' title='bbox 746 2048 871 2093; x_wconf 80' lang='lat' dir='ltr'><strong>nomeu:</strong></span> 
     </span>
     <span class='ocr_line' id='line_1_23' title="bbox 261 2115 983 2192; baseline 0 -17"><span class='ocrx_word' id='word_1_148' title='bbox 261 2116 348 2176; x_wconf 87' lang='lat' dir='ltr'><strong>Dicta</strong></span> <span class='ocrx_word' id='word_1_149' title='bbox 362 2132 485 2192; x_wconf 85' lang='lat' dir='ltr'><strong>quoquc</strong></span> <span class='ocrx_word' id='word_1_150' title='bbox 498 2125 545 2177; x_wconf 88' lang='lat' dir='ltr'><strong>est</strong></span> <span class='ocrx_word' id='word_1_151' title='bbox 556 2117 674 2178; x_wconf 81' lang='lat' dir='ltr'><strong>Latium</strong></span> <span class='ocrx_word' id='word_1_152' title='bbox 687 2123 774 2191; x_wconf 85' lang='lat' dir='ltr'><strong>terra,</strong></span> <span class='ocrx_word' id='word_1_153' title='bbox 790 2117 900 2176; x_wconf 88' lang='lat' dir='ltr'><strong>latente</strong></span> <span class='ocrx_word' id='word_1_154' title='bbox 914 2115 983 2178; x_wconf 88' lang='lat' dir='ltr'><strong>deo.</strong></span> 
     </span>
     <span class='ocr_line' id='line_1_24' title="bbox 220 2199 965 2276; baseline 0.001 -17"><span class='ocrx_word' id='word_1_155' title='bbox 220 2201 261 2260; x_wconf 85' lang='lat' dir='ltr'><strong>At</strong></span> <span class='ocrx_word' id='word_1_156' title='bbox 274 2201 354 2260; x_wconf 90' lang='lat' dir='ltr'><strong>bona</strong></span> <span class='ocrx_word' id='word_1_157' title='bbox 366 2201 527 2275; x_wconf 87' lang='lat' dir='ltr'><strong>posteritas</strong></span> <span class='ocrx_word' id='word_1_158' title='bbox 542 2217 676 2276; x_wconf 88' lang='lat' dir='ltr'><strong>puppem</strong></span> <span class='ocrx_word' id='word_1_159' title='bbox 689 2201 829 2260; x_wconf 86' lang='lat' dir='ltr'><strong>formavit</strong></span> <span class='ocrx_word' id='word_1_160' title='bbox 841 2199 874 2263; x_wconf 64' lang='lat' dir='ltr'><strong>in.</strong></span> <span class='ocrx_word' id='word_1_161' title='bbox 886 2217 965 2274; x_wconf 90' lang='lat' dir='ltr'><strong>acre,</strong></span> 
     </span>
     <span class='ocr_line' id='line_1_25' title="bbox 157 2283 822 2359; baseline 0 -17"><span class='ocrx_word' id='word_1_162' title='bbox 157 2299 209 2354; x_wconf 77' lang='lat'><strong>240</strong></span> <span class='ocrx_word' id='word_1_163' title='bbox 263 2283 399 2359; x_wconf 85' lang='lat' dir='ltr'><strong>Hospitis</strong></span> <span class='ocrx_word' id='word_1_164' title='bbox 414 2284 576 2344; x_wconf 86' lang='lat' dir='ltr'><strong>adveutum</strong></span> <span class='ocrx_word' id='word_1_165' title='bbox 590 2285 749 2345; x_wconf 88' lang='lat' dir='ltr'><strong>testificata</strong></span> <span class='ocrx_word' id='word_1_166' title='bbox 762 2285 822 2344; x_wconf 85' lang='lat' dir='ltr'><strong>dei.</strong></span> 
     </span>
     <span class='ocr_line' id='line_1_26' title="bbox 222 2367 972 2444; baseline -0.003 -16"><span class='ocrx_word' id='word_1_167' title='bbox 222 2369 295 2443; x_wconf 87' lang='lat' dir='ltr'><strong>Ipse</strong></span> <span class='ocrx_word' id='word_1_168' title='bbox 309 2368 407 2427; x_wconf 91' lang='lat' dir='ltr'><strong>solum</strong></span> <span class='ocrx_word' id='word_1_169' title='bbox 422 2367 618 2440; x_wconf 64' lang='lat' dir='ltr'><strong>colui‚,cuius</strong></span> <span class='ocrx_word' id='word_1_170' title='bbox 634 2369 840 2444; x_wconf 89' lang='lat' dir='ltr'><strong>placidissima</strong></span> <span class='ocrx_word' id='word_1_171' title='bbox 853 2368 972 2427; x_wconf 87' lang='lat' dir='ltr'><strong>laevum</strong></span> 
     </span>
     <span class='ocr_line' id='line_1_27' title="bbox 263 2451 860 2529; baseline -0.003 -18"><span class='ocrx_word' id='word_1_172' title='bbox 263 2451 353 2511; x_wconf 85' lang='lat' dir='ltr'><strong>Radit</strong></span> <span class='ocrx_word' id='word_1_173' title='bbox 366 2451 486 2511; x_wconf 86' lang='lat' dir='ltr'><strong>arenosi</strong></span> <span class='ocrx_word' id='word_1_174' title='bbox 499 2451 662 2529; x_wconf 77' lang='lat' dir='ltr'><strong>Thybridis</strong></span> <span class='ocrx_word' id='word_1_175' title='bbox 674 2453 757 2511; x_wconf 90' lang='lat' dir='ltr'><strong>unda</strong></span> <span class='ocrx_word' id='word_1_176' title='bbox 773 2454 860 2511; x_wconf 89' lang='lat' dir='ltr'><strong>latus.</strong></span> 
     </span>
     <span class='ocr_line' id='line_1_28' title="bbox 221 2533 1030 2609; baseline 0 -17"><span class='ocrx_word' id='word_1_177' title='bbox 221 2533 292 2605; x_wconf 86' lang='lat' dir='ltr'><strong>Hic,</strong></span> <span class='ocrx_word' id='word_1_178' title='bbox 307 2534 359 2594; x_wconf 93' lang='lat' dir='ltr'><strong>ubi</strong></span> <span class='ocrx_word' id='word_1_179' title='bbox 373 2548 452 2593; x_wconf 86' lang='lat' dir='ltr'><strong>nuuc</strong></span> <span class='ocrx_word' id='word_1_180' title='bbox 466 2535 638 2609; x_wconf 87' lang='lat' dir='ltr'><strong>Romaest,</strong></span> <span class='ocrx_word' id='word_1_181' title='bbox 652 2536 802 2595; x_wconf 83' lang='lat' dir='ltr'><strong>incaedua</strong></span> <span class='ocrx_word' id='word_1_182' title='bbox 815 2535 893 2594; x_wconf 89' lang='lat' dir='ltr'><strong>silva</strong></span> <span class='ocrx_word' id='word_1_183' title='bbox 905 2533 1030 2604; x_wconf 81' lang='lat' dir='ltr'><strong>virebat,</strong></span> 
     </span>
     <span class='ocr_line' id='line_1_29' title="bbox 261 2618 985 2694; baseline -0.004 -16"><span class='ocrx_word' id='word_1_184' title='bbox 261 2618 415 2692; x_wconf 86' lang='lat' dir='ltr'><strong>Tantaque</strong></span> <span class='ocrx_word' id='word_1_185' title='bbox 428 2632 478 2677; x_wconf 89' lang='lat' dir='ltr'><strong>res</strong></span> <span class='ocrx_word' id='word_1_186' title='bbox 493 2619 598 2693; x_wconf 89' lang='lat' dir='ltr'><strong>paucis</strong></span> <span class='ocrx_word' id='word_1_187' title='bbox 612 2632 727 2694; x_wconf 86' lang='lat' dir='ltr'><strong>pascua</strong></span> <span class='ocrx_word' id='word_1_188' title='bbox 741 2618 839 2679; x_wconf 88' lang='lat' dir='ltr'><strong>bubus</strong></span> <span class='ocrx_word' id='word_1_189' title='bbox 853 2623 939 2676; x_wconf 83' lang='lat' dir='ltr'><strong>crat·</strong></span> <span class='ocrx_word' id='word_1_190' title='bbox 982 2690 985 2693; x_wconf 72' lang='lat'>.</span> 
     </span>
     <span class='ocr_line' id='line_1_30' title="bbox 158 2700 1108 2783; baseline -0.007 -18"><span class='ocrx_word' id='word_1_191' title='bbox 158 2712 208 2765; x_wconf 70' lang='lat'><strong>245</strong></span> <span class='ocrx_word' id='word_1_192' title='bbox 222 2701 287 2759; x_wconf 82' lang='lat' dir='ltr'><strong>Arx</strong></span> <span class='ocrx_word' id='word_1_193' title='bbox 300 2716 368 2760; x_wconf 87' lang='lat' dir='ltr'><strong>mea</strong></span> <span class='ocrx_word' id='word_1_194' title='bbox 384 2701 472 2760; x_wconf 89' lang='lat' dir='ltr'><strong>collis</strong></span> <span class='ocrx_word' id='word_1_195' title='bbox 486 2708 564 2776; x_wconf 85' lang='lat' dir='ltr'><strong>erat,</strong></span> <span class='ocrx_word' id='word_1_196' title='bbox 580 2718 670 2777; x_wconf 85' lang='lat' dir='ltr'><strong>quem</strong></span> <span class='ocrx_word' id='word_1_197' title='bbox 685 2701 791 2761; x_wconf 88' lang='lat' dir='ltr'><strong>cultrix</strong></span> <span class='ocrx_word' id='word_1_198' title='bbox 804 2700 930 2759; x_wconf 87' lang='lat' dir='ltr'><strong>nomine</strong></span> <span class='ocrx_word' id='word_1_199' title='bbox 939 2705 1043 2759; x_wconf 90' lang='lat' dir='ltr'><strong>nostro</strong></span> <span class='ocrx_word' id='word_1_200' title='bbox 1104 2776 1108 2783; x_wconf 89' lang='lat'>.</span> 
     </span>
     <span class='ocr_line' id='line_1_31' title="bbox 263 2783 1057 2859; baseline 0 -17"><span class='ocrx_word' id='word_1_201' title='bbox 263 2784 421 2859; x_wconf 89' lang='lat' dir='ltr'><strong>Nuucupat</strong></span> <span class='ocrx_word' id='word_1_202' title='bbox 434 2783 510 2842; x_wconf 84' lang='lat' dir='ltr'><strong>haec</strong></span> <span class='ocrx_word' id='word_1_203' title='bbox 525 2790 624 2855; x_wconf 85' lang='lat' dir='ltr'><strong>aetas,</strong></span> <span class='ocrx_word' id='word_1_204' title='bbox 639 2785 863 2857; x_wconf 85' lang='lat' dir='ltr'><strong>Ianiculumque</strong></span> <span class='ocrx_word' id='word_1_205' title='bbox 878 2789 977 2842; x_wconf 88' lang='lat' dir='ltr'><strong>vocat.</strong></span> <span class='ocrx_word' id='word_1_206' title='bbox 1053 2844 1057 2853; x_wconf 75' lang='grc'><em>,</em></span> 
     </span>
     <span class='ocr_line' id='line_1_32' title="bbox 221 2864 1039 2944; baseline 0.005 -21"><span class='ocrx_word' id='word_1_207' title='bbox 221 2864 302 2926; x_wconf 90' lang='lat' dir='ltr'><strong>Tunc</strong></span> <span class='ocrx_word' id='word_1_208' title='bbox 315 2882 373 2941; x_wconf 81' lang='lat' dir='ltr'><strong>ago</strong></span> <span class='ocrx_word' id='word_1_209' title='bbox 387 2865 567 2940; x_wconf 82' lang='lat' dir='ltr'><strong>regnabam,</strong></span> <span class='ocrx_word' id='word_1_210' title='bbox 582 2868 701 2944; x_wconf 89' lang='lat' dir='ltr'><strong>patiens</strong></span> <span class='ocrx_word' id='word_1_211' title='bbox 717 2881 783 2926; x_wconf 87' lang='lat' dir='ltr'><strong>cum</strong></span> <span class='ocrx_word' id='word_1_212' title='bbox 797 2871 877 2924; x_wconf 87' lang='lat' dir='ltr'><strong>terra</strong></span> <span class='ocrx_word' id='word_1_213' title='bbox 890 2865 1017 2927; x_wconf 85' lang='lat' dir='ltr'><strong>deorum</strong></span> <span class='ocrx_word' id='word_1_214' title='bbox 1036 2892 1039 2899; x_wconf 88' lang='lat'>·</span> 
     </span>
     <span class='ocr_line' id='line_1_33' title="bbox 261 2949 904 3027; baseline -0.008 -16"><span class='ocrx_word' id='word_1_215' title='bbox 261 2951 364 3027; x_wconf 83' lang='lat' dir='ltr'><strong>Esset,</strong></span> <span class='ocrx_word' id='word_1_216' title='bbox 383 2958 413 3011; x_wconf 88' lang='lat' dir='ltr'><strong>et</strong></span> <span class='ocrx_word' id='word_1_217' title='bbox 426 2950 564 3011; x_wconf 90' lang='lat' dir='ltr'><strong>humanis</strong></span> <span class='ocrx_word' id='word_1_218' title='bbox 578 2952 700 3011; x_wconf 84' lang='lat' dir='ltr'><strong>numina</strong></span> <span class='ocrx_word' id='word_1_219' title='bbox 713 2949 806 3009; x_wconf 88' lang='lat' dir='ltr'><strong>mixta</strong></span> <span class='ocrx_word' id='word_1_220' title='bbox 819 2950 904 3009; x_wconf 92' lang='lat' dir='ltr'><strong>locis.</strong></span> 
     </span>
     <span class='ocr_line' id='line_1_34' title="bbox 111 3029 1035 3107; baseline 0.001 -19"><span class='ocrx_word' id='word_1_221' title='bbox 111 3072 118 3083; x_wconf 77' lang='lat'><em>.</em></span> <span class='ocrx_word' id='word_1_222' title='bbox 221 3030 358 3092; x_wconf 86' lang='lat' dir='ltr'><strong>Nondum</strong></span> <span class='ocrx_word' id='word_1_223' title='bbox 370 3034 515 3095; x_wconf 86' lang='lat' dir='ltr'><strong>Iustitiam</strong></span> <span class='ocrx_word' id='word_1_224' title='bbox 532 3034 649 3093; x_wconf 84' lang='lat' dir='ltr'><strong>facinus</strong></span> <span class='ocrx_word' id='word_1_225' title='bbox 664 3033 789 3092; x_wconf 82' lang='lat' dir='ltr'><strong>mortale</strong></span> <span class='ocrx_word' id='word_1_226' title='bbox 803 3033 932 3107; x_wconf 64' lang='lat' dir='ltr'><strong>fugarum</strong></span> <span class='ocrx_word' id='word_1_227' title='bbox 1032 3029 1035 3034; x_wconf 79' lang='grc'><em>“</em></span> 
     </span>
     <span class='ocr_line' id='line_1_35' title="bbox 160 3110 905 3193; baseline -0.004 -17"><span class='ocrx_word' id='word_1_228' title='bbox 160 3123 213 3176; x_wconf 77' lang='lat'><strong>250</strong></span> <span class='ocrx_word' id='word_1_229' title='bbox 265 3113 373 3175; x_wconf 86' lang='lat' dir='ltr'><strong>Ultima</strong></span> <span class='ocrx_word' id='word_1_230' title='bbox 387 3118 426 3177; x_wconf 91' lang='lat' dir='ltr'><strong>de</strong></span> <span class='ocrx_word' id='word_1_231' title='bbox 441 3117 561 3193; x_wconf 88' lang='lat' dir='ltr'><strong>superis</strong></span> <span class='ocrx_word' id='word_1_232' title='bbox 575 3118 626 3176; x_wconf 89' lang='lat' dir='ltr'><strong>illa</strong></span> <span class='ocrx_word' id='word_1_233' title='bbox 638 3115 758 3189; x_wconf 91' lang='lat' dir='ltr'><strong>reliquit</strong></span> <span class='ocrx_word' id='word_1_234' title='bbox 773 3110 905 3176; x_wconf 85' lang='lat' dir='ltr'><strong>humum.</strong></span> 
     </span>
     <span class='ocr_line' id='line_1_36' title="bbox 220 3195 1065 3277; baseline -0.001 -23"><span class='ocrx_word' id='word_1_235' title='bbox 220 3195 340 3272; x_wconf 86' lang='lat' dir='ltr'><strong>Proque</strong></span> <span class='ocrx_word' id='word_1_236' title='bbox 353 3208 432 3261; x_wconf 85' lang='lat' dir='ltr'><strong>metu</strong></span> <span class='ocrx_word' id='word_1_237' title='bbox 448 3201 593 3277; x_wconf 89' lang='lat' dir='ltr'><strong>populum</strong></span> <span class='ocrx_word' id='word_1_238' title='bbox 608 3200 675 3260; x_wconf 87' lang='lat' dir='ltr'><strong>sine</strong></span> <span class='ocrx_word' id='word_1_239' title='bbox 690 3201 721 3259; x_wconf 89' lang='lat' dir='ltr'><strong>vi</strong></span> <span class='ocrx_word' id='word_1_240' title='bbox 736 3201 836 3275; x_wconf 88' lang='lat' dir='ltr'><strong>pudor</strong></span> <span class='ocrx_word' id='word_1_241' title='bbox 849 3201 917 3275; x_wconf 90' lang='lat' dir='ltr'><strong>ipsc</strong></span> <span class='ocrx_word' id='word_1_242' title='bbox 932 3196 1065 3272; x_wconf 83' lang='lat' dir='ltr'><strong>regebat.</strong></span> 
     </span>
     <span class='ocr_line' id='line_1_37' title="bbox 262 3280 874 3345; baseline 0.008 -8"><span class='ocrx_word' id='word_1_243' title='bbox 262 3280 365 3341; x_wconf 89' lang='lat' dir='ltr'><strong>Nullus</strong></span> <span class='ocrx_word' id='word_1_244' title='bbox 380 3291 443 3344; x_wconf 87' lang='lat' dir='ltr'><strong>erat</strong></span> <span class='ocrx_word' id='word_1_245' title='bbox 456 3286 543 3345; x_wconf 89' lang='lat' dir='ltr'><strong>iustis</strong></span> <span class='ocrx_word' id='word_1_246' title='bbox 557 3284 686 3344; x_wconf 84' lang='lat' dir='ltr'><strong>reddere</strong></span> <span class='ocrx_word' id='word_1_247' title='bbox 700 3285 766 3343; x_wconf 88' lang='lat' dir='ltr'><strong>iura</strong></span> <span class='ocrx_word' id='word_1_248' title='bbox 780 3282 874 3343; x_wconf 89' lang='lat' dir='ltr'><strong>labor.</strong></span> 
     </span>
     <span class='ocr_line' id='line_1_38' title="bbox 220 3362 1001 3444; baseline -0.004 -21"><span class='ocrx_word' id='word_1_249' title='bbox 220 3363 266 3425; x_wconf 91' lang='lat' dir='ltr'><strong>Nil</strong></span> <span class='ocrx_word' id='word_1_250' title='bbox 279 3362 351 3422; x_wconf 89' lang='lat' dir='ltr'><strong>mihi</strong></span> <span class='ocrx_word' id='word_1_251' title='bbox 365 3380 433 3426; x_wconf 93' lang='lat' dir='ltr'><strong>cum</strong></span> <span class='ocrx_word' id='word_1_252' title='bbox 446 3368 536 3429; x_wconf 85' lang='lat' dir='ltr'><strong>bello.</strong></span> <span class='ocrx_word' id='word_1_253' title='bbox 565 3384 672 3444; x_wconf 90' lang='lat' dir='ltr'><strong>pacem</strong></span> <span class='ocrx_word' id='word_1_254' title='bbox 687 3374 855 3442; x_wconf 87' lang='lat' dir='ltr'><strong>postesque</strong></span> <span class='ocrx_word' id='word_1_255' title='bbox 867 3365 974 3424; x_wconf 87' lang='lat' dir='ltr'><strong>tuebar</strong></span> <span class='ocrx_word' id='word_1_256' title='bbox 982 3369 1001 3418; x_wconf 72' lang='grc' dir='ltr'><strong>ι’</strong></span> 
     </span>
     <span class='ocr_line' id='line_1_39' title="bbox 260 3447 1000 3524; baseline 0.001 -17"><span class='ocrx_word' id='word_1_257' title='bbox 260 3447 298 3508; x_wconf 87' lang='lat' dir='ltr'><strong>Et</strong></span> <span class='ocrx_word' id='word_1_258' title='bbox 312 3447 427 3508; x_wconf 85' lang='lat' dir='ltr'><strong>clavem</strong></span> <span class='ocrx_word' id='word_1_259' title='bbox 440 3452 604 3512; x_wconf 89' lang='lat' dir='ltr'><strong>ostendens</strong></span> <span class='ocrx_word' id='word_1_260' title='bbox 619 3452 725 3512; x_wconf 75' lang='lat' dir='ltr'><strong>‘Haec&#39;</strong></span> <span class='ocrx_word' id='word_1_261' title='bbox 741 3452 783 3512; x_wconf 88' lang='lat' dir='ltr'><strong>ait</strong></span> <span class='ocrx_word' id='word_1_262' title='bbox 795 3455 891 3510; x_wconf 74' lang='lat' dir='ltr'><strong>‘arma</strong></span> <span class='ocrx_word' id='word_1_263' title='bbox 904 3452 1000 3524; x_wconf 67' lang='lat' dir='ltr'><strong>gero!</strong></span> 
     </span>
    </p>
   </div>
   <div class='ocr_carea' id='block_1_3' title="bbox 1147 318 1158 351">
    <p class='ocr_par' dir='ltr' id='par_1_3' title="bbox 1147 318 1158 351">
     <span class='ocr_line' id='line_1_40' title="bbox 1147 318 1158 351; baseline 0 0"><span class='ocrx_word' id='word_1_264' title='bbox 1147 318 1158 351; x_wconf 79' lang='lat' dir='ltr'><strong>l</strong></span> 
     </span>
    </p>
   </div>
   <div class='ocr_carea' id='block_1_4' title="bbox 0 0 1306 3816">
    <p class='ocr_par' dir='ltr' id='par_1_4' title="bbox 0 0 1306 3816">
     <span class='ocr_line' id='line_1_41' title="bbox 0 0 1306 3816; baseline 0 0"><span class='ocrx_word' id='word_1_265' title='bbox 0 0 1306 3816; x_wconf 95' lang='lat' dir='ltr'><strong> </strong></span> 
     </span>
    </p>
   </div>
  </div>
 </body>
</html>
