2598 3812
437 146 441 155 ’
497 191 808 271 11‚s,47-o‚4a.
1091 192 1154 257 151

149 360 159 403 a
198 418 202 429 „
271 346 434 423 ¹Quamque
447 352 551 422 pates,
566 345 726 421 profugo...
738 361 807 406 uam
821 351 944 421 potes..
953 344 1040 409 adfer
1054 346 1170 422 opem)

147 474 151 484 .
235 431 285 491 Me
300 432 420 492 fortuna
432 430 516 491 tibi...
530 429 571 488 de
584 445 646 502 qua
660 430 744 505 quod
757 446 820 492 non
831 446 959 505 querar,
973 430 1033 491 hoc
1047 438 1124 492 est...

278 513 426 586 Tradidit,
442 512 502 573 hoc
515 528 577 573 uno
593 529 653 573 non
669 513 789 573 inimica
801 513 882 576 mihi.
922 565 923 568 ,

237 597 353 672 Excipe
367 596 557 670 naufragium
572 611 633 656 uon
648 596 725 657 duro
738 596 825 657 litore
839 602 984 670 nostrum,
1040 665 1043 673 ,

189 684 224 739 lo
277 681 321 739 Ne
336 680 427 741 fuerit
440 687 521 740 terra
534 679 627 740 tutior,
638 679 722 740 unda
735 685 809 739 tua*
859 714 862 725 ·

236 763 347 837 Regia,
363 762 455 822 crede
468 762 558 835 mihi,
571 772 624 821 res·
637 768 685 847 est
699 777 877 823 succurrere
889 761 996 836 lapsis,

278 846 426 907 Convenit
439 852 471 907 et
481 851 580 918 tauto,
596 852 726 918 quantus
741 861 775 905 es
784 845 873 920 ipse,
887 846 964 905 viro.

190 974 192 977 ψ
236 929 397 990 Fortunam
411 930 500 989 decet
512 928 572 990 hoc
585 927 682 989 istam.
711 944 793 1005 quae
803 929 935 988 maxima
949 944 1016 989 cum
1031 928 1079 1005 sit,

105 1046 110 1053 ·
178 1038 183 1056 ·
266 1007 357 1073 'Esse
370 1019 472 1087 potest
486 1012 586 1072 animo
601 1011 654 1089 vix
667 1017 767 1071 tamen
779 1026 880 1085 aequa
893 1020 956 1073 tuo.

144 1092 149 1108 ⁸
188 1108 221 1161 lt
235 1095 426 1171 Conspicitur
438 1111 604 1171 numquam
615 1095 740 1155 meliore
754 1096 1004 1170 potentiacausa,

268 1179 375 1252 Quam
391 1180 531 1254 quotiens
546 1194 642 1238 vanas
657 1195 719 1238 non
734 1178 806 1238 sinit
818 1185 889 1239 esse
903 1194 1024 1254 preces.

236 1261 303 1322 Hoc
317 1264 397 1325 nitor
410 1263 468 1321 iste
481 1262 524 1323 tni
538 1262 659 1337 generis
674 1261 837 1321 desiderat.
865 1263 925 1323 hoc
940 1269 987 1324 est

278 1347 307 1405 A
321 1346 442 1420 superis
457 1353 541 1406 artae
555 1345 717 1406 nobilitatis
733 1361 822 1419 opus.
841 1396 844 1403 .

236 1428 302 1489 Hoc
315 1428 369 1489 tibi
383 1429 608 1504 ethonomus,
622 1428 742 1502 generis
757 1427 943 1488 clarissimus
957 1434 1071 1503 auctor,

142 1543 153 1551 =
185 1519 223 1574 20
274 1511 312 1573 Et
325 1512 410 1587 prior
421 1513 570 1586 Eumolpo
585 1512 695 1572 suadet
707 1511 931 1572 Erichthonius.

234 1586 415 1657 Hociecum
430 1610 590 1675 commupe
605 1595 680 1668 dea,
697 1595 780 1669 quod
794 1603 922 1668 uterque
940 1594 1038 1669 rogati

277 1677 473 1754 Supplicibus
486 1678 597 1739 vestris
616 1679 695 1738 ferse
709 1678 814 1737 soletis
829 1692 929 1752 opem.

234 1761 385 1838 Numquid
399 1762 468 1834 erit,
484 1777 580 1836 quare
594 1762 684 1822 solito
699 1760 858 1836 dignemur
871 1759 989 1820 honore

275 1845 419 1918 Numina,
434 1846 461 1906 si
476 1845 581 1905 demas
594 1845 675 1905 velle
687 1844 793 1905 iuvare
807 1845 905 1904 densa
941 1849 944 1859 '
963 1849 965 1855 ’

180 1932 216 1989 25
230 1926 364 2003 Iuppiter
374 1928 473 1988 'oranti
487 1928 600 1988 sairdas
613 1928 640 1988 si
655 1927 799 2003 praebeat
812 1926 903 2001 auria,

276 2011 407 2071 VictIma
422 2028 476 2086 pro
491 2011 778 2086 templacurcadat
790 2012 851 2071 ieta
864 2010 968 2070 Iovis?

235 2092 268 2154 Si
282 2110 388 2169 pacem
404 2096 515 2155 unllam
529 2101 642 2169 pontus
656 2094 729 2154 mihi
743 2099 878 2169 praestet
890 2091 982 2168 eunti,
1009 2120 1011 2129 v

274 2177 362 2237 Irrita
375 2177 513 2252 Neptuno
529 2193 583 2238 cur
595 2193 653 2252 ego
668 2185 734 2239 tura
751 2179 866 2238 seram?

228 2261 322 2321 ¹Vana
334 2259 498 2321 laborantis
513 2261 540 2321 si
554 2262 639 2322 fallat
653 2269 723 2322 vota
738 2261 847 2331 coloni,

182 2354 219 2410 aa
271 2343 414 2418 Accipiat
427 2344 572 2417 gravidae
587 2346 642 2405 cur
658 2344 723 2406 suis
740 2352 810 2404 exta
824 2344 937 2404 ceres?

231 2426 296 2486 Nec
311 2426 395 2487 dabit
407 2427 528 2487 intonso
543 2428 677 2502 iugulum
693 2444 785 2502 caper
798 2426 899 2487 hostia
911 2425 1044 2500 Baccho,

274 2510 374 2570 Masta
390 2508 446 2569 sub
462 2510 594 2571 adducto
609 2512 637 2571 si
651 2513 730 2586 pede
744 2511 826 2571 nulla
840 2508 943 2569 fluent.
1074 2505 1076 2509 ’

233 2591 346 2656 Caesar
359 2600 392 2654 ut
405 2593 522 2668 imperii
537 2594 709 2656 moderetur
722 2595 807 2654 frena
820 2606 988 2668 precamur,

273 2677 347 2737 Tam
360 2675 442 2736 bene
455 2676 538 2752 quod
551 2678 667 2753 patriae
682 2677 813 2738 consulit
825 2676 876 2735 isse
890 2687 974 2733 suae.

180 2767 217 2824 36
231 2756 349 2820 Utilitas
363 2759 453 2835 igitur
465 2777 593 2835 magnos
608 2760 808 2833 hominesque
822 2758 962 2831 deosque

273 2842 389 2917 Efficit,
408 2843 529 2904 auxiliis
545 2859 669 2918 quoque
684 2845 804 2902 favente
819 2839 893 2900 suis.

230 2924 274 2986 Tu
290 2942 415 3002 quoque
429 2927 477 2987 fac
492 2928 622 3001 profugo
637 2925 756 3000 prosint
769 2931 823 2985 tua
834 2929 936 2983 castra
948 2920 1067 2999 iacenti,

275 3008 299 3070 0
315 3008 407 3087 Coty,
427 3011 590 3085 progenies
602 3010 696 3083 mgna
708 3014 833 3088 parente
849 3011 911 3067 tuo.

232 3091 424 3154 Conveniens
438 3092 551 3153 homini
566 3099 614 3155 est
626 3091 777 3153 hominem
793 3104 917 3152 servare
930 3089 1084 3165 voluptas,

181 3180 219 3237 io
273 3175 312 3236 Et
324 3177 432 3240 melius
448 3177 530 3237 nulla
544 3175 700 3251 quaeritur
713 3183 778 3236 arte
791 3176 889 3235 favor.
911 3186 913 3189 ·

233 3257 306 3333 Quis
320 3276 382 3319 non
396 3260 580 3337 Antiphaten
592 3259 804 3336 Laestrygona
818 3258 971 3318 devorata
983 3260 1034 3314 aut
1048 3254 1116 3333 quis

272 3341 406 3402 Munifici
421 3359 522 3405 mores
536 3342 687 3419 improbat
698 3342 843 3403 Alcinoia

230 3422 297 3486 Nou
312 3425 365 3486 tibi
380 3425 571 3488 Casandreus
586 3434 673 3503 pater
687 3433 734 3486 est
747 3425 885 3502 gentisve
898 3420 1061 3494 Pheraeae,
