2582 3810
159 181 201 249 58
553 177 780 242 TRISTIUM

241 334 316 396 cum
327 330 462 394 smeret
474 330 573 392 siim
585 329 725 406 Orpheus
739 339 769 392 et
782 303 862 393 dura
873 330 1013 395 mendo

282 415 374 490 Saxa,
388 415 437 475 bis
452 413 567 474 amisse
580 415 712 488 coniuge
725 421 861 476 maestus
875 423 948 475 erut

239 500 289 560 Me
304 515 428 576 quoque
440 497 532 558 illusa
544 499 626 558 levot
638 496 726 558 Ponti
739 498 809 558 loca
821 498 907 558 iussa
921 505 1088 574 petentem

190 595 226 649 ιο
280 582 354 644 Sola
370 597 473 642 eomes
486 587 611 641 nomae
624 581 755 656 perstitit
766 581 819 641 illa
832 582 938 655 sugam

241 666 314 731 Sole
327 672 385 727 nee
397 664 537 738 insidias,
550 668 608 724 neo
620 663 686 739 iter,
699 679 759 725 nee
771 664 900 725 Threcia
911 666 980 738 tela,
1054 668 1058 673 '

193 784 198 800 ·
279 750 448 822 Neomare,
462 762 520 808 neo
533 753 645 808 ventos
659 745 891 823 nubummque
903 750 996 810 tinet

241 833 305 896 Soit
320 847 453 909 quoque,
465 837 540 891 'enm
550 831 638 906 perii,
652 830 723 906 quis
737 844 786 892 me
800 831 956 906 deceperit
966 848 1062 906 error,

279 917 316 978 Et
329 915 472 989 sulporu'
464 930 496 975 m
509 915 599 988 lauto,
613 930 678 975 ooo
690 915 803 988 scelus,
815 930 982 976 sesemen.
1034 960 1038 969 .

191 1016 227 1071 so
239 1000 365 1065 Seilieel
376 998 458 1061 hoe
449 1014 521 1074 rpso
535 1013 617 1058 nuno
630 1012 739 1094 aequa,
755 998 839 1095 quod
853 998 949 1060 obluit
959 1007 1055 1075 aule,

281 1083 355 1145 Com
367 1097 487 1143 meeum
504 1074 639 1143 adiuncti
654 1082 785 1143 oriminis
801 1090 869 1143 aeta
881 1099 937 1143 rea
950 1090 1008 1144 ost

240 1168 316 1229 Nou
322 1165 466 1242 equidem
477 1167 595 1263 vellem,
612 1167 754 1242 quoniam
767 1166 1050 1241 namuelitarum,

280 1250 436 1311 Pieridum
453 1250 551 1311 esuris
565 1249 743 1346 inposuisse
754 1265 887 1309 manum

243 1334 305 1397 Sed
319 1349 402 1397 nune
415 1334 489 1410 quid
502 1333 633 1395 laaiamt
651 1334 702 1394 uis
714 1348 762 1394 me
776 1334 879 1393 tenet
871 1349 940 1408 rpsa
954 1338 1105 1425 sororum

189 1427 225 1484 ³0
277 1419 316 1478 Et
330 1432 452 1478 carmen
466 1417 593 1478 demens
606 1418 856 1478 earuunelaesus
870 1433 950 1479 amo.

170 1498 172 1505 '
240 1499 291 1563 Sin
305 1517 387 1564 nove
399 1499 538 1562 Dulichio
552 1501 633 1562 lotos
647 1502 768 1576 pusulo
781 1502 884 1576 palato
894 1504 907 1557 .'

280 1585 344 1660 illo,
360 1600 421 1661 quo
436 1584 548 1659 nonsit,
562 1587 649 1660 mata
662 1588 775 1660 sapone
789 1584 854 1644 init

239 1667 337 1731 Sentit
349 1684 456 1730 amans
471 1685 530 1729 sna
543 1668 655 1728 murno
669 1669 742 1729 lere
763 1674 865 1728 umen
878 1666 1110 1741 hoerotinllils,

278 1751 435 1814 Materiam
450 1754 561 1828 erdpae
573 1752 830 1827 persequiturque
843 1765 929 1812 snae.

188 1841 223 1900 ιι
236 1834 299 1898 Nos
315 1851 438 1912 quoque
452 1836 611 1909 delectant,
626 1834 765 1911 quamvis
781 1850 922 1910 nocuere,
937 1834 1043 1897 libelli:

280 1920 429 1996 Quodque
443 1918 515 1980 mihi
529 1920 621 1980 telum
633 1919 761 1978 vulnera
774 1917 853 1992 iecit,
869 1933 949 1979 amo.

237 2003 376 2073 Forsitan
390 2002 450 2062 hoo
464 2002 598 2067 studium
635 2001 711 2065 ossit
724 2002 809 2065 furor
823 2016 894 2065 esse
908 2000 1020 2062 videris

279 2085 342 2147 Sed
358 2085 502 2161 quiddam
516 2082 600 2146 furor
636 2086 662 2145 'o
676 2084 809 2146 utilitatis
823 2082 924 2145 habet.

239 2168 367 2244 Semper
380 2168 411 2228 in
425 2168 534 2230 olttutn
544 2175 675 2229 msnoem
687 2176 853 2230 ventosae
866 2169 1023 2241 mulorum,
1058 2170 1075 2197 '¹
1115 2192 1120 2201 r

190 2260 227 2320 40·
277 2251 459 2314 Praesentis*
467 2264 560 2314 casus
573 2252 833 2328 inmemoremque
846 2252 927 2313 lacit

237 2337 342 2414 thue
353 2352 444 2399 sunm
455 2335 578 2397 Beoohe
592 2337 759 2397 nonsentit
771 2335 877 2397 sanoia
886 2336 1011 2411 sunno
1071 2334 1076 2341 ’

278 2420 358 2481 Dum
370 2427 474 2496 stupet
485 2420 601 2481 Edonis
617 2420 771 2482 exululata
782 2419 873 2494 iugis,

240 2503 357 2566 Sicubi
372 2511 454 2569 mota
466 2505 566 2564 oolam
578 2504 668 2564 vindi
679 2508 749 2566 mea
762 2510 889 2587 pectora
903 2503 1021 2583 thyrso,

279 2588 378 2649 Altior
392 2587 526 2649 hamam
540 2588 665 2664 spiritus
679 2588 730 2648 ills
743 2590 825 2649 molo
839 2594 914 2648 est·

190 2679 225 2736 ts
238 2671 291 2732 Ille
305 2687 362 2733 neo
378 2672 509 2746 exilium,
524 2669 661 2749 Seyduoi
674 2687 731 2732 neo
745 2672 833 2732 litora
846 2670 941 2748 ponti,
965 2700 968 2715 ·
1040 2698 1041 2701 ¹

281 2755 335 2816 Ille
349 2771 407 2816 neo
420 2755 623 2818 iratossoutit
632 2755 748 2817 holtem
762 2755 848 2817 deos.
988 2794 990 2801 ·

239 2837 342 2913 thue
356 2839 548 2915 soporiferae
561 2840 696 2900 hiberam
710 2840 737 2900 si
750 2838 863 2914 poeula
875 2835 997 2910 Lethes,

279 2922 438 2996 Temporis
452 2923 575 2984 edumei
590 2922 635 2983 sio
649 2922 722 2983 mihi
737 2921 959 2996 sensns-apest

239 3004 309 3067 lure
322 3005 398 3066 deas
411 3005 501 3080 igitur
513 3021 645 3068 veneror
654 3008 737 3068 male
751 3004 1014 3077 nosuulevaotes,
1070 3000 1073 3005 '

190 3101 228 3157 so
281 3088 435 3149 sollicitae
449 3089 576 3151 comites
590 3106 630 3151 ex
642 3089 790 3152 Helieone
804 3088 903 3163 lugan,

238 3172 278 3236 Et
290 3172 400 3247 partim
414 3173 526 3248 pelago
540 3174 650 3248 partim
662 3174 793 3249 vestigia
805 3181 886 3234 terre

279 3257 341 3318 Vel
353 3264 419 3316 rate
433 3256 575 3330 dignatas
587 3259 638 3317 rel
652 3256 733 3333 pede
746 3263 851 3318 nostra
863 3252 963 3329 sequi.

240 3338 317 3415 Sint,
331 3348 451 3415 precor,
465 3338 531 3400 hae
539 3341 648 3400 saltem
660 3338 768 3403 taoiles
781 3332 880 3398 mihi.
890 3353 1023 3416 nomque
1035 3338 1161 3400 deorum

281 3423 389 3486 cetera
402 3439 473 3485 eum
485 3436 599 3501 magun
613 3425 744 3487 caesam
755 3422 847 3484 turim
858 3420 939 3539 tacit,
