2586 3820
7 10 22 13 j
26 6 355 15 ffl-——w—-qq—w—n-

473 243 518 317 V,
540 239 717 307 trs-612.
1037 241 1098 308 311

181 396 244 458 1100
255 394 335 458 sotis
347 398 396 456 est
409 394 558 456 meruisse
572 397 667 456 semel
680 394 976 472 cognominationis

117 489 174 545 080
226 479 422 554 Persequitur
433 478 533 539 Porthi
549 480 637 554 signe
654 484 769 541 retenta
780 496 882 539 manu.

182 565 265 625 Gens
278 564 333 622 fuit
346 570 377 623 et
391 562 508 636 eampis
523 569 553 622 et
566 563 654 637 equis
669 572 700 624 et
712 569 776 624 tuta
789 562 916 640 sagittis,

222 647 260 707 Et
272 645 466 707 ououmiusis
481 645 564 706 invia
577 645 760 706 fluminibus.
803 648 806 695 l
842 688 846 693 -

180 730 371 791 Addiderunt
382 730 504 789 animos
519 728 697 790 Crassorum
711 731 818 789 ttrners
832 729 923 804 genti,

223 814 297 875 Cum
311 812 401 888 periit
414 812 501 871 mites
516 812 667 887 signoque
680 813 917 888 duxquesimul.

117 895 291 971 sessigna,
310 896 405 956 denus
421 894 506 969 beiti,
523 894 651 954 Parthus
664 895 802 955 Romanu
815 896 945 969 tenebat,

223 981 447 1054 Romanaeque·
456 978 576 1051 equites
591 978 718 1052 signiter
731 979 829 1040 hostis
844 985 923 1038 erut!

135 1097 137 1101 .
180 1064 272 1138 Isque
286 1062 386 1138 pudor
400 1061 563 1121 mansisset
580 1061 694 1135 odiruo,
711 1059 769 1122 nisi
781 1062 913 1122 tontibus·
926 1059 1025 1122 ermis

224 1145 363 1207 Caesaris
377 1145 535 1205 Ausoniae
549 1152 779 1219 protegerentur
793 1160 885 1221 opes

180 1229 234 1289 lite
248 1236 336 1290 notes
351 1235 471 1289 veteres
485 1235 514 1287 et
532 1228 614 1302 tongi
629 1228 764 1288 dedecus
778 1229 846 1289 oevi

118 1320 172 1376 590
227 1312 363 1374 Sustulit.
391 1318 541 1387 agnorunt
554 1312 642 1385 signa
655 1312 780 1387 receptu
795 1327 880 1373 suos.

183 1397 260 1472 Quid
274 1396 327 1456 tibi
341 1410 421 1456 nnuc
439 1395 549 1455 solitae
562 1396 637 1454 mitti
650 1402 723 1470 post
735 1402 821 1471 terge
835 1395 971 1472 sagittus,

223 1480 300 1553 Quid
314 1480 397 1554 loss,
413 1478 486 1553 quid
499 1478 599 1553 rapidi
615 1476 815 1553 proruitusus
829 1476 930 1555 equit

181 1563 302 1637 Partho,
316 1564 413 1623 refers
431 1563 561 1638 aquius.
590 1562 689 1623 viotos
711 1578 834 1638 quoque
853 1561 982 1638 porrigis
1002 1577 1101 1625 usus.

223 1645 352 1722 Pignora
367 1646 426 1705 iem
440 1645 537 1706 nostri
555 1647 637 1706 nulia
650 1645 778 1721 pudoris
795 1645 901 1718 habes.
1115 1710 1123 1719 ,

117 1737 171 1793 595
184 1729 251 1790 Rite‘
265 1729 323 1790 deo
337 1728 668 1805 temptumque'dutumf
676 1744 847 1805 nomenque
861 1728 910 1791 bis
923 1728 997 1805 utto,

223 1813 260 1873 lit
275 1812 396 1874 meritus
416 1815 479 1873 voti
496 1812 598 1873 debito
615 1813 707 1874 sotvit
719 1814 827 1877 honor.

182 1895 350 1958 Sollemnes
366 1896 456 1957 iudos
471 1896 557 1977 Circo
572 1896 738 1971 celebrate,
755 1894 899 1972 Quiritest

222 1980 290 2042 lion
303 1980 372 2042 viss
385 1989 437 2042 est·
447 1982 556 2041 iontem
569 1996 682 2041 scaena
696 1980 808 2043 decere
822 1981 923 2042 010010.

465 2112 516 2177 rs.
543 2114 737 2195 essu-u,
823 2144 826 2150 ·

179 2229 301 2292 Pliades
315 2230 448 2307 aspicies
464 2247 570 2293 omnes
584 2238 742 2308 totumque
757 2246 896 2293 sororum

116 2324 171 2382 000
224 2316 358 2390 Agmen,
372 2314 425 2375 ubi
443 2322 512 2377 unte
526 2316 600 2376 idus
613 2331 677 2375 nox
691 2316 747 2376 erit
760 2331 820 2375 una
833 2331 938 2393 super.

178 2399 253 2460 Tum
266 2397 339 2457 mihi
354 2413 413 2458 non
428 2398 528 2459 dubiis
546 2399 719 2461 auctoribus
733 2396 838 2474 insipit
851 2409 962 2476 nestas,
1027 2398 1030 2405 ’

219 2482 257 2543 Et
272 2481 367 2559 tepidi
376 2482 471 2543 tinem
484 2488 622 2560 ternpore
640 2482 722 2545 veris
736 2482 857 2544 habent.

540 2616 590 2682 14.
610 2618 665 2681 FC

180 2735 285 2797 idibus
302 2750 358 2798 oro
371 2734 456 2809 prior
470 2734 621 2796 stellantia
634 2735 741 2795 toliere
754 2735 885 2795 Taurum

221 2820 346 2880 Indioet.
375 2817 446 2878 huto
460 2819 548 2894 signo
564 2819 753 2878 1000100010
769 2815 885 2878 subest.

118 2908 169 2963 605
182 2898 336 2975 Praebuit,
355 2908 390 2962 ut
404 2904 526 2977 murus,
540 2902 649 2980 Tyrius
664 2916 722 2961 sua
738 2894 823 2976 terge
838 2899 959 2976 puellae

224 2985 372 3061 Iuppiter,
388 2992 418 3045 et
437 2984 515 3046 suisa
529 3000 644 3045 cornua
659 2985 758 3045 fronte
772 2984 846 3043 tulit.

182 3065 237 3128 1110
249 3068 350 3129 iubam
364 3069 485 3143 denus,
500 3070 588 3128 laeve
600 3068 747 3128 retinebat
761 3067 898 3140 emistus,

223 3151 261 3212 Et
274 3152 363 3211 timor
377 3152 445 3227 ipse
460 3152 531 3211 novi
546 3165 640 3211 ouusa
654 3152 781 3211 decoris·
790 3159 863 3213 erut.
928 3226 931 3233 ⁴

180 3237 266 3295 Auru
280 3233 364 3294 sinus
380 3236 497 3310 impiet..
522 3233 621 3293 iluvos
637 3242 828 3295 moveteure
841 3232 978 3310 oepiiios.

113 3331 167 3389 610
224 3317 344 3388 Sidoni,
362 3318 406 3377 sio
422 3318 524 3380 iuerns
539 3314 718 3391 aspiciendo
731 3318 806 3378 Iovi.

181 3403 284 3476 Saepe
299 3401 451 3473 puettares
466 3399 611 3462 subduxit
629 3399 667 3459 ab
682 3413 818 3476 aequore
832 3398 963 3475 planus,

222 3485 262 3548 Et
275 3481 380 3544 restruit
393 3487 490 3546 uetus
504 3481 669 3545 usstilentis
684 3499 796 3560 aquoez
829 3518 832 3527 .
