2586 3820
175 232 240 299 sos
535 192 541 207 '
562 180 814 293 rasponum

173 398 176 405 ⁴
194 394 247 452 tto
302 386 473 463 thneego
488 381 657 445 subterius
673 382 923 458 'sanguinulentus
937 388 1010 446 eost
1028 390 1032 399 ’

258 469 359 533 Noluit
372 471 431 529 boa
445 471 546 528 irater.
577 468 675 541 pietas
690 468 827 542 aequalis
843 469 873 527 ln
887 468 939 528 illo
950 476 1010 532 est

300 553 387 628 Quod
403 552 514 629 potuit,
529 551 669 610 lacrimas
683 550 824 610 manibus
839 551 888 611 ille
903 551 995 611 dedit

258 635 347 698 Hune
359 652 418 697 vos
435 651 491 712 per
508 637 665 707 lacrimas,
680 641 853 709 pernostra
867 635 1009 695 alimento
1020 642 1142 711 rogote,

301 721 341 781 Ut
355 720 506 780 celebrem
518 725 626 778 nostro
640 718 739 792 signet
752 717 869 777 honore
884 717 984 777 diem?

195 805 247 863 lte
260 801 453 863 Mandantem
467 800 608 876 amplecti
623 801 749 875 eupiunt
762 809 792 861 et
804 800 948 860 brseehis
960 799 1097 861 tendunt

298 887 427 947 Lubrica
442 891 621 961 prensantes
638 883 745 958 effugit
757 883 864 943 umbra
877 896 997 944 munus.

256 972 296 1032 Ut
310 985 413 1031 seeum
428 968 548 1043 lugiens
562 978 690 1027 somnos
703 966 830 1027 abduxit
843 966 953 1041 imago,

297 1052 348 1112 Ad
361 1067 465 1128 regem
478 1064 574 1110 voees
589 1050 690 1110 fratris
703 1058 833 1125 uterque
848 1050 957 1111 huot.

255 1138 403 1199 Romulus
417 1134 607 1209 obsequitur,
624 1136 784 1210 lucemque
798 1134 942 1194 Remuria
958 1131 1030 1194 dloit

193 1229 246 1284 leo
301 1221 398 1294 Illam
414 1234 475 1294 quo
488 1218 598 1293 positis
611 1218 692 1278 iuste
704 1218 839 1278 seruntur
852 1217 930 1278 ovis.

256 1308 377 1379 Aspero
391 1306 504 1363 mutata
519 1308 566 1361 est
579 1302 609 1360 in
624 1302 722 1360 lenem
735 1308 874 1376 tempore
887 1300 979 1376 longo

298 1387 423 1459 Littera,
439 1400 518 1461 quoe
531 1391 597 1447 toto
614 1384 737 1444 nomine
751 1384 848 1459 prima
862 1384 927 1443 luit.

257 1469 433 1531 Monetium
447 1471 579 1529 lemures
594 1469 711 1527 animas
726 1468 832 1527 dlxme
850 1468 1002 1527 silentum.

300 1553 356 1613 Hie
372 1568 482 1613 sensus
500 1551 600 1625 verbi,
615 1552 664 1612 vis
679 1567 716 1610 en
730 1552 817 1611 vocis
832 1557 906 1610 erat

194 1636 342 1698 melana
356 1643 456 1697 umen
470 1642 592 1695 veteres
606 1635 667 1696 illis
685 1636 825 1695 elausere
836 1633 956 1707 diebus,
1264 1632 1265 1641 ’

300 1721 339 1782 Ut
351 1735 432 1780 nuno
446 1720 532 1780 lereti
548 1727 684 1793 tempore
699 1722 805 1793 operta
819 1717 919 1777 vides.

257 1803 320 1865 Neo
334 1803 445 1864 mduae
458 1802 557 1863 taedis
571 1803 679 1862 eadem
692 1816 750 1862 nee
764 1801 889 1875 virginis
904 1805 977 1876 apta

298 1887 457 1964 Tempora.
487 1900 566 1961 quae
580 1887 698 1962 nupsit,
713 1900 774 1945 non
788 1884 931 1945 diuturna
944 1885 1008 1946 luit.

257 1971 323 2032 Hae
339 1986 462 2048 quoque
476 1969 515 2030 de
529 1984 639 2044 eausa,
660 1969 731 2029 site
746 1968 908 2045 proverbio
920 1973 1057 2045 tangant,

195 2062 249 2119 490
301 2054 408 2115 Mense
422 2055 518 2114 malas
532 2052 613 2113 Maio
628 2051 931 2127 nuberevolgusoit
1263 2048 1264 2053 ’

261 2138 324 2199 Sed
338 2144 439 2198 tamen
456 2137 534 2196 haee
547 2137 606 2196 tria
622 2143 694 2197 sunt
707 2135 765 2198 sub
785 2135 897 2196 eodem
910 2141 1050 2212 tempore
1063 2134 1142 2196 leste

299 2221 380 2282 luter
397 2236 434 2281 se
447 2221 531 2281 nulle
545 2222 721 2281 condonato
733 2220 793 2280 die

465 2416 515 2483 10.
536 2418 591 2479 BC
635 2417 685 2482 11.
708 2414 894 2481 CLEM·N

260 2554 392 2629 Quomm
408 2553 435 2615 sl
451 2553 560 2614 mediis
576 2554 724 2616 Boeotum
741 2553 854 2615 Oriona
867 2570 1010 2632 quaeres,

300 2638 407 2699 Falsus
422 2638 494 2698 eris.
524 2637 608 2712 Signi
623 2652 718 2699 cause
731 2639 871 2699 canenda
886 2638 967 2698 mihi.

196 2729 247 2784 495
261 2722 395 2798 luppiter
409 2729 440 2783 et
456 2722 518 2783 lato
534 2723 585 2797 qui
600 2728 706 2796 mgnat
719 2722 749 2781 in
764 2736 901 2796 aequore
913 2723 1006 2784 linter

301 2805 471 2880 carpebant
484 2806 587 2867 socies
603 2804 832 2880 Mercuriusque
850 2806 943 2867 vius‘

259 2887 392 2963 Tempus
408 2897 486 2961 emt,
504 2905 567 2963 quo
583 2892 674 2950 versa
686 2888 760 2963 iugo
772 2888 943 2953 retemntur
957 2893 1067 2961 ambe,

301 2971 340 3032 Et
354 2986 468 3047 pronus
485 2981 606 3032 saturae
621 2973 669 3032 lua
684 2972 759 3032 bibit
774 2987 869 3047 ugnus
884 2973 965 3033 ovis.

259 3053 350 3116 Forte
365 3068 461 3114 senex
474 3054 622 3134 Hyrieus,
637 3055 757 3131 angusti
772 3057 869 3115 cultor
883 3056 981 3130 agelli,

198 3154 269 3207 500·
304 3139 372 3199 llos
383 3138 483 3212 videt,
498 3143 639 3214 exiguum
651 3139 753 3199 stabat
768 3145 886 3199 utente
905 3140 1018 3199 essem.

140 3277 142 3283 .
260 3228 361 3297 Atque
372 3223 414 3282 ite
424 3221 542 3296 ‘Longa
552 3222 604 3281 vis
615 3229 670 3297 est,
680 3239 738 3282 nee
747 3229 886 3297 tempora
897 3223 1181 3297 longusupersunt’

301 3306 384 3365 Dixit
397 3309 440 3365 ‘et
453 3304 626 3379 hospitibus
642 3307 732 3366 ianua
745 3312 850 3366 nostm
865 3310 972 3382 petet-⁹

261 3388 388 3448 Addidit
401 3395 431 3448 et
443 3388 558 3448 voltum
572 3388 691 3459 verbis,
705 3390 875 3464 iterumque
895 3388 1023 3464 rogavit

262 3508 264 3517 ·
302 3469 412 3531 Parent
429 3470 606 3547 promissis,
620 3470 876 3549 dissimulantque.
886 3464 973 3535 deos.
