<?xml version="1.0" encoding="UTF-8"?>
<!DOCTYPE html PUBLIC "-//W3C//DTD XHTML 1.0 Transitional//EN"
    "http://www.w3.org/TR/xhtml1/DTD/xhtml1-transitional.dtd">
<html xmlns="http://www.w3.org/1999/xhtml" xml:lang="en" lang="en">
 <head>
  <title>
</title>
<meta http-equiv="Content-Type" content="text/html;charset=utf-8" />
  <meta name='ocr-system' content='tesseract 3.04.00' />
  <meta name='ocr-capabilities' content='ocr_page ocr_carea ocr_par ocr_line ocrx_word'/>
</head>
<body>
  <div class='ocr_page' id='page_1' title='image "./povidiusnaso00merkgoog_0244.png"; bbox 0 0 2602 3816; ppageno 0'>
   <div class='ocr_carea' id='block_1_1' title="bbox 541 210 777 285">
    <p class='ocr_par' dir='ltr' id='par_1_1' title="bbox 541 210 777 285">
     <span class='ocr_line' id='line_1_1' title="bbox 541 210 777 285; baseline 0.013 -16"><span class='ocrx_word' id='word_1_1' title='bbox 541 212 582 285; x_wconf 89' lang='lat' dir='ltr'><strong>ll,</strong></span> <span class='ocrx_word' id='word_1_2' title='bbox 602 210 777 276; x_wconf 73' lang='lat' dir='ltr'><strong>ale—321.</strong></span> 
     </span>
    </p>
   </div>
   <div class='ocr_carea' id='block_1_2' title="bbox 176 360 1094 1271">
    <p class='ocr_par' dir='ltr' id='par_1_2' title="bbox 176 360 1094 1271">
     <span class='ocr_line' id='line_1_2' title="bbox 281 360 983 442; baseline 0.011 -22"><span class='ocrx_word' id='word_1_3' title='bbox 281 360 369 422; x_wconf 91' lang='lat' dir='ltr'><strong>Nuda</strong></span> <span class='ocrx_word' id='word_1_4' title='bbox 381 362 479 422; x_wconf 86' lang='lat' dir='ltr'><strong>lerant</strong></span> <span class='ocrx_word' id='word_1_5' title='bbox 488 363 594 438; x_wconf 85' lang='lat' dir='ltr'><strong>posita</strong></span> <span class='ocrx_word' id='word_1_6' title='bbox 608 378 741 438; x_wconf 85' lang='lat' dir='ltr'><strong>corpere</strong></span> <span class='ocrx_word' id='word_1_7' title='bbox 749 374 854 440; x_wconf 62' lang='lat' dir='ltr'><strong>&#39;ueste</strong></span> <span class='ocrx_word' id='word_1_8' title='bbox 868 375 983 442; x_wconf 68' lang='lat' dir='ltr'><strong>rugas?</strong></span> 
     </span>
     <span class='ocr_line' id='line_1_3' title="bbox 176 444 956 521; baseline 0.004 -15"><span class='ocrx_word' id='word_1_9' title='bbox 176 451 227 506; x_wconf 76' lang='lat' dir='ltr'><strong>ret</strong></span> <span class='ocrx_word' id='word_1_10' title='bbox 241 444 312 521; x_wconf 88' lang='lat' dir='ltr'><strong>Ipse</strong></span> <span class='ocrx_word' id='word_1_11' title='bbox 326 446 403 513; x_wconf 85' lang='lat' dir='ltr'><strong>deus</strong></span> <span class='ocrx_word' id='word_1_12' title='bbox 419 446 512 504; x_wconf 83' lang='lat' dir='ltr'><strong>velox</strong></span> <span class='ocrx_word' id='word_1_13' title='bbox 529 446 700 506; x_wconf 83' lang='lat' dir='ltr'><strong>discurrere</strong></span> <span class='ocrx_word' id='word_1_14' title='bbox 714 447 826 521; x_wconf 80' lang='lat' dir='ltr'><strong>gaudet</strong></span> <span class='ocrx_word' id='word_1_15' title='bbox 840 451 870 509; x_wconf 92' lang='lat' dir='ltr'><strong>in</strong></span> <span class='ocrx_word' id='word_1_16' title='bbox 887 452 956 510; x_wconf 81' lang='lat' dir='ltr'><strong>altis</strong></span> 
     </span>
     <span class='ocr_line' id='line_1_4' title="bbox 278 526 1044 608; baseline 0.009 -21"><span class='ocrx_word' id='word_1_17' title='bbox 278 526 447 601; x_wconf 77' lang='lat' dir='ltr'><strong>MontibuS,</strong></span> <span class='ocrx_word' id='word_1_18' title='bbox 463 536 494 588; x_wconf 91' lang='lat' dir='ltr'><strong>et</strong></span> <span class='ocrx_word' id='word_1_19' title='bbox 507 529 622 589; x_wconf 83' lang='lat' dir='ltr'><strong>subitas</strong></span> <span class='ocrx_word' id='word_1_20' title='bbox 639 531 770 605; x_wconf 76' lang='lat' dir='ltr'>concipit</span> <span class='ocrx_word' id='word_1_21' title='bbox 784 532 851 606; x_wconf 91' lang='lat' dir='ltr'><strong>ipse</strong></span> <span class='ocrx_word' id='word_1_22' title='bbox 865 534 964 608; x_wconf 81' lang='lat' dir='ltr'><strong>iirgas.</strong></span> <span class='ocrx_word' id='word_1_23' title='bbox 1042 564 1044 568; x_wconf 94' lang='lat'>·</span> 
     </span>
     <span class='ocr_line' id='line_1_5' title="bbox 239 610 982 686; baseline 0.004 -15"><span class='ocrx_word' id='word_1_24' title='bbox 239 610 311 686; x_wconf 89' lang='lat' dir='ltr'><strong>lpse</strong></span> <span class='ocrx_word' id='word_1_25' title='bbox 326 611 403 672; x_wconf 83' lang='lat' dir='ltr'><strong>deus</strong></span> <span class='ocrx_word' id='word_1_26' title='bbox 417 612 517 671; x_wconf 91' lang='lat' dir='ltr'><strong>nudus</strong></span> <span class='ocrx_word' id='word_1_27' title='bbox 531 614 631 672; x_wconf 92' lang='lat' dir='ltr'><strong>nudos</strong></span> <span class='ocrx_word' id='word_1_28' title='bbox 647 613 729 673; x_wconf 89' lang='lat' dir='ltr'><strong>iubet</strong></span> <span class='ocrx_word' id='word_1_29' title='bbox 743 614 786 673; x_wconf 91' lang='lat' dir='ltr'><strong>ire</strong></span> <span class='ocrx_word' id='word_1_30' title='bbox 800 616 962 676; x_wconf 87' lang='lat' dir='ltr'><strong>ministros.</strong></span> <span class='ocrx_word' id='word_1_31' title='bbox 980 654 982 661; x_wconf 88' lang='lat'>-</span> 
     </span>
     <span class='ocr_line' id='line_1_6' title="bbox 281 693 985 759; baseline 0.004 -6"><span class='ocrx_word' id='word_1_32' title='bbox 281 693 343 754; x_wconf 86' lang='lat' dir='ltr'><strong>Nec</strong></span> <span class='ocrx_word' id='word_1_33' title='bbox 358 694 431 755; x_wconf 87' lang='lat' dir='ltr'><strong>satis</strong></span> <span class='ocrx_word' id='word_1_34' title='bbox 445 696 487 755; x_wconf 87' lang='lat' dir='ltr'><strong>ad</strong></span> <span class='ocrx_word' id='word_1_35' title='bbox 501 711 608 757; x_wconf 87' lang='lat' dir='ltr'><strong>cursus</strong></span> <span class='ocrx_word' id='word_1_36' title='bbox 628 697 789 759; x_wconf 84' lang='lat' dir='ltr'><strong>commoda</strong></span> <span class='ocrx_word' id='word_1_37' title='bbox 801 700 897 759; x_wconf 90' lang='lat' dir='ltr'><strong>vestis</strong></span> <span class='ocrx_word' id='word_1_38' title='bbox 912 705 985 759; x_wconf 87' lang='lat' dir='ltr'><strong>erat.</strong></span> 
     </span>
     <span class='ocr_line' id='line_1_7' title="bbox 183 776 1042 852; baseline 0.009 -16"><span class='ocrx_word' id='word_1_39' title='bbox 183 793 187 801; x_wconf 91' lang='lat'>·</span> <span class='ocrx_word' id='word_1_40' title='bbox 241 776 322 837; x_wconf 84' lang='lat' dir='ltr'><strong>Ante</strong></span> <span class='ocrx_word' id='word_1_41' title='bbox 334 778 439 839; x_wconf 87' lang='lat' dir='ltr'><strong>Iovem</strong></span> <span class='ocrx_word' id='word_1_42' title='bbox 452 779 584 852; x_wconf 80' lang='lat' dir='ltr'><strong>genitum</strong></span> <span class='ocrx_word' id='word_1_43' title='bbox 597 785 694 840; x_wconf 87' lang='lat' dir='ltr'><strong>terras</strong></span> <span class='ocrx_word' id='word_1_44' title='bbox 709 778 1002 843; x_wconf 81' lang='lat' dir='ltr'><strong>habuisse-seruntur</strong></span> <span class='ocrx_word' id='word_1_45' title='bbox 1039 776 1042 783; x_wconf 78' lang='grc'><strong><em>’</em></strong></span> 
     </span>
     <span class='ocr_line' id='line_1_8' title="bbox 179 860 897 941; baseline 0.008 -25"><span class='ocrx_word' id='word_1_46' title='bbox 179 860 231 916; x_wconf 78' lang='grc'><strong>290</strong></span> <span class='ocrx_word' id='word_1_47' title='bbox 281 861 436 933; x_wconf 79' lang='lat' dir='ltr'><strong>Arcades,</strong></span> <span class='ocrx_word' id='word_1_48' title='bbox 454 868 484 921; x_wconf 90' lang='lat' dir='ltr'><strong>et</strong></span> <span class='ocrx_word' id='word_1_49' title='bbox 497 863 569 922; x_wconf 84' lang='lat' dir='ltr'><strong>luna</strong></span> <span class='ocrx_word' id='word_1_50' title='bbox 581 877 657 936; x_wconf 79' lang='lat' dir='ltr'><strong>gens</strong></span> <span class='ocrx_word' id='word_1_51' title='bbox 672 862 757 936; x_wconf 84' lang='lat' dir='ltr'><strong>prior</strong></span> <span class='ocrx_word' id='word_1_52' title='bbox 768 864 819 941; x_wconf 88' lang='lat' dir='ltr'><strong>illa</strong></span> <span class='ocrx_word' id='word_1_53' title='bbox 831 864 897 924; x_wconf 81' lang='lat' dir='ltr'><strong>luit.</strong></span> 
     </span>
     <span class='ocr_line' id='line_1_9' title="bbox 240 944 964 1021; baseline 0.001 -19"><span class='ocrx_word' id='word_1_54' title='bbox 240 944 311 1003; x_wconf 82' lang='lat' dir='ltr'><strong>Vita</strong></span> <span class='ocrx_word' id='word_1_55' title='bbox 325 944 535 1018; x_wconf 70' lang='lat' dir='ltr'><strong>ieris-simitu,</strong></span> <span class='ocrx_word' id='word_1_56' title='bbox 549 946 649 1005; x_wconf 88' lang='lat' dir='ltr'><strong>nullus</strong></span> <span class='ocrx_word' id='word_1_57' title='bbox 665 945 776 1018; x_wconf 76' lang='lat' dir='ltr'><strong>agitata</strong></span> <span class='ocrx_word' id='word_1_58' title='bbox 789 962 844 1021; x_wconf 89' lang='lat' dir='ltr'><strong>per</strong></span> <span class='ocrx_word' id='word_1_59' title='bbox 856 962 964 1009; x_wconf 68' lang='lat' dir='ltr'><strong>usuca.</strong></span> 
     </span>
     <span class='ocr_line' id='line_1_10' title="bbox 278 1026 957 1104; baseline 0.003 -17"><span class='ocrx_word' id='word_1_60' title='bbox 278 1026 363 1088; x_wconf 85' lang='lat' dir='ltr'><strong>Artis</strong></span> <span class='ocrx_word' id='word_1_61' title='bbox 378 1027 478 1087; x_wconf 84' lang='lat' dir='ltr'><strong>adhuc</strong></span> <span class='ocrx_word' id='word_1_62' title='bbox 493 1043 604 1102; x_wconf 84' lang='lat' dir='ltr'><strong>expers</strong></span> <span class='ocrx_word' id='word_1_63' title='bbox 619 1034 650 1088; x_wconf 87' lang='lat' dir='ltr'><strong>et</strong></span> <span class='ocrx_word' id='word_1_64' title='bbox 667 1029 744 1087; x_wconf 87' lang='lat' dir='ltr'><strong>rude</strong></span> <span class='ocrx_word' id='word_1_65' title='bbox 758 1031 867 1104; x_wconf 76' lang='lat' dir='ltr'><strong>uolgus</strong></span> <span class='ocrx_word' id='word_1_66' title='bbox 883 1037 957 1090; x_wconf 87' lang='lat' dir='ltr'><strong>erat.</strong></span> 
     </span>
     <span class='ocr_line' id='line_1_11' title="bbox 240 1107 1094 1188; baseline 0.002 -20"><span class='ocrx_word' id='word_1_67' title='bbox 240 1107 298 1169; x_wconf 86' lang='lat' dir='ltr'><strong>Pro</strong></span> <span class='ocrx_word' id='word_1_68' title='bbox 314 1107 454 1171; x_wconf 84' lang='lat' dir='ltr'>domibus</span> <span class='ocrx_word' id='word_1_69' title='bbox 469 1111 593 1171; x_wconf 84' lang='lat' dir='ltr'><strong>frondes</strong></span> <span class='ocrx_word' id='word_1_70' title='bbox 608 1117 730 1184; x_wconf 88' lang='lat' dir='ltr'><strong>norant,</strong></span> <span class='ocrx_word' id='word_1_71' title='bbox 746 1127 801 1185; x_wconf 88' lang='lat' dir='ltr'><strong>pra</strong></span> <span class='ocrx_word' id='word_1_72' title='bbox 818 1113 954 1188; x_wconf 78' lang='lat' dir='ltr'><strong>frugibus</strong></span> <span class='ocrx_word' id='word_1_73' title='bbox 968 1110 1094 1177; x_wconf 66' lang='lat' dir='ltr'><strong>herbam</strong></span> 
     </span>
     <span class='ocr_line' id='line_1_12' title="bbox 279 1192 1027 1271; baseline 0.004 -16"><span class='ocrx_word' id='word_1_74' title='bbox 279 1192 389 1255; x_wconf 82' lang='lat' dir='ltr'><strong>Nectar</strong></span> <span class='ocrx_word' id='word_1_75' title='bbox 402 1201 466 1255; x_wconf 88' lang='lat' dir='ltr'><strong>erat</strong></span> <span class='ocrx_word' id='word_1_76' title='bbox 478 1196 585 1268; x_wconf 89' lang='lat' dir='ltr'><strong>palmis</strong></span> <span class='ocrx_word' id='word_1_77' title='bbox 599 1193 708 1255; x_wconf 77' lang='lat' dir='ltr'><strong>heusta</strong></span> <span class='ocrx_word' id='word_1_78' title='bbox 720 1192 844 1254; x_wconf 54' lang='lat' dir='ltr'><strong>&gt;duabus</strong></span> <span class='ocrx_word' id='word_1_79' title='bbox 858 1211 949 1271; x_wconf 87' lang='lat' dir='ltr'><strong>aqua.</strong></span> <span class='ocrx_word' id='word_1_80' title='bbox 965 1262 968 1263; x_wconf 13' lang='lat'><em>⁷</em></span> <span class='ocrx_word' id='word_1_81' title='bbox 1000 1232 1002 1235; x_wconf 88' lang='lat'>·</span> <span class='ocrx_word' id='word_1_82' title='bbox 1024 1230 1027 1243; x_wconf 81' lang='lat'><em>=</em></span> 
     </span>
    </p>
   </div>
   <div class='ocr_carea' id='block_1_3' title="bbox 57 1272 998 1341">
    <p class='ocr_par' dir='ltr' id='par_1_3' title="bbox 57 1272 998 1341">
     <span class='ocr_line' id='line_1_13' title="bbox 57 1272 998 1341; baseline 0 -5"><span class='ocrx_word' id='word_1_83' title='bbox 57 1312 60 1316; x_wconf 31' lang='grc' dir='ltr'><em>ι</em></span> <span class='ocrx_word' id='word_1_84' title='bbox 177 1281 229 1336; x_wconf 76' lang='lat'><strong>295</strong></span> <span class='ocrx_word' id='word_1_85' title='bbox 242 1272 348 1335; x_wconf 88' lang='lat' dir='ltr'><strong>Nullus</strong></span> <span class='ocrx_word' id='word_1_86' title='bbox 361 1275 520 1337; x_wconf 83' lang='lat' dir='ltr'><strong>anhelabat</strong></span> <span class='ocrx_word' id='word_1_87' title='bbox 534 1276 590 1339; x_wconf 88' lang='lat' dir='ltr'><strong>sub</strong></span> <span class='ocrx_word' id='word_1_88' title='bbox 605 1278 725 1338; x_wconf 83' lang='lat' dir='ltr'><strong>adunco</strong></span> <span class='ocrx_word' id='word_1_89' title='bbox 740 1278 863 1337; x_wconf 85' lang='lat' dir='ltr'><strong>vomere</strong></span> <span class='ocrx_word' id='word_1_90' title='bbox 876 1287 998 1341; x_wconf 72' lang='lat' dir='ltr'><strong>taurese</strong></span> 
     </span>
    </p>
   </div>
   <div class='ocr_carea' id='block_1_4' title="bbox 177 1358 1070 1767">
    <p class='ocr_par' dir='ltr' id='par_1_4' title="bbox 177 1358 1070 1767">
     <span class='ocr_line' id='line_1_14' title="bbox 278 1358 905 1436; baseline 0.002 -19"><span class='ocrx_word' id='word_1_91' title='bbox 278 1359 367 1420; x_wconf 84' lang='lat' dir='ltr'><strong>Nulla</strong></span> <span class='ocrx_word' id='word_1_92' title='bbox 381 1359 438 1420; x_wconf 87' lang='lat' dir='ltr'><strong>sub</strong></span> <span class='ocrx_word' id='word_1_93' title='bbox 452 1360 578 1436; x_wconf 87' lang='lat' dir='ltr'><strong>imperio</strong></span> <span class='ocrx_word' id='word_1_94' title='bbox 592 1358 672 1420; x_wconf 81' lang='lat' dir='ltr'><strong>teria</strong></span> <span class='ocrx_word' id='word_1_95' title='bbox 686 1360 905 1429; x_wconf 81' lang='lat' dir='ltr'><strong>colentiserat=</strong></span> 
     </span>
     <span class='ocr_line' id='line_1_15' title="bbox 241 1440 1070 1523; baseline 0.008 -23"><span class='ocrx_word' id='word_1_96' title='bbox 241 1441 346 1503; x_wconf 86' lang='lat' dir='ltr'><strong>Nullus</strong></span> <span class='ocrx_word' id='word_1_97' title='bbox 361 1443 461 1523; x_wconf 84' lang='lat' dir='ltr'><strong>adhuc</strong></span> <span class='ocrx_word' id='word_1_98' title='bbox 475 1451 628 1512; x_wconf 89' lang='lat' dir='ltr'><strong>eratusus</strong></span> <span class='ocrx_word' id='word_1_99' title='bbox 644 1443 724 1517; x_wconf 89' lang='lat' dir='ltr'><strong>equi.</strong></span> <span class='ocrx_word' id='word_1_100' title='bbox 752 1460 788 1503; x_wconf 88' lang='lat' dir='ltr'><strong>se</strong></span> <span class='ocrx_word' id='word_1_101' title='bbox 802 1444 931 1521; x_wconf 87' lang='lat' dir='ltr'><strong>quisque</strong></span> <span class='ocrx_word' id='word_1_102' title='bbox 945 1440 1070 1508; x_wconf 71' lang='lat' dir='ltr'><strong>ferebat</strong></span> 
     </span>
     <span class='ocr_line' id='line_1_16' title="bbox 281 1525 846 1601; baseline 0.002 -17"><span class='ocrx_word' id='word_1_103' title='bbox 281 1525 348 1587; x_wconf 85' lang='lat' dir='ltr'><strong>Ibat</strong></span> <span class='ocrx_word' id='word_1_104' title='bbox 361 1527 429 1586; x_wconf 88' lang='lat' dir='ltr'><strong>ovis</strong></span> <span class='ocrx_word' id='word_1_105' title='bbox 443 1527 514 1586; x_wconf 86' lang='lat' dir='ltr'><strong>lena</strong></span> <span class='ocrx_word' id='word_1_106' title='bbox 528 1540 640 1601; x_wconf 88' lang='lat' dir='ltr'><strong>corpus</strong></span> <span class='ocrx_word' id='word_1_107' title='bbox 656 1527 765 1587; x_wconf 86' lang='lat' dir='ltr'><strong>amicta</strong></span> <span class='ocrx_word' id='word_1_108' title='bbox 779 1544 846 1588; x_wconf 87' lang='lat' dir='ltr'><strong>sua.</strong></span> 
     </span>
     <span class='ocr_line' id='line_1_17' title="bbox 244 1606 1008 1686; baseline 0.003 -17"><span class='ocrx_word' id='word_1_109' title='bbox 244 1606 307 1669; x_wconf 86' lang='lat' dir='ltr'><strong>Sub</strong></span> <span class='ocrx_word' id='word_1_110' title='bbox 321 1608 394 1669; x_wconf 89' lang='lat' dir='ltr'><strong>Iove</strong></span> <span class='ocrx_word' id='word_1_111' title='bbox 408 1608 557 1670; x_wconf 85' lang='lat' dir='ltr'><strong>durabant</strong></span> <span class='ocrx_word' id='word_1_112' title='bbox 570 1616 600 1668; x_wconf 91' lang='lat' dir='ltr'><strong>et</strong></span> <span class='ocrx_word' id='word_1_113' title='bbox 614 1611 744 1684; x_wconf 81' lang='lat' dir='ltr'><strong>corpora</strong></span> <span class='ocrx_word' id='word_1_114' title='bbox 756 1611 839 1670; x_wconf 91' lang='lat' dir='ltr'><strong>nuda</strong></span> <span class='ocrx_word' id='word_1_115' title='bbox 851 1611 1008 1686; x_wconf 77' lang='lat' dir='ltr'><strong>gerebant,</strong></span> 
     </span>
     <span class='ocr_line' id='line_1_18' title="bbox 177 1690 928 1767; baseline 0 -16"><span class='ocrx_word' id='word_1_116' title='bbox 177 1690 230 1745; x_wconf 86' lang='grc'><strong>300</strong></span> <span class='ocrx_word' id='word_1_117' title='bbox 280 1691 378 1753; x_wconf 86' lang='lat' dir='ltr'><strong>Docta</strong></span> <span class='ocrx_word' id='word_1_118' title='bbox 391 1707 501 1767; x_wconf 84' lang='lat' dir='ltr'><strong>graves</strong></span> <span class='ocrx_word' id='word_1_119' title='bbox 515 1692 627 1753; x_wconf 86' lang='lat' dir='ltr'><strong>imbres</strong></span> <span class='ocrx_word' id='word_1_120' title='bbox 642 1699 672 1752; x_wconf 93' lang='lat' dir='ltr'><strong>et</strong></span> <span class='ocrx_word' id='word_1_121' title='bbox 684 1693 928 1755; x_wconf 87' lang='lat' dir='ltr'><strong>tolerarenutus.</strong></span> 
     </span>
    </p>
   </div>
   <div class='ocr_carea' id='block_1_5' title="bbox 241 1772 1175 1850">
    <p class='ocr_par' dir='ltr' id='par_1_5' title="bbox 241 1772 1175 1850">
     <span class='ocr_line' id='line_1_19' title="bbox 241 1772 1175 1850; baseline 0.002 -16"><span class='ocrx_word' id='word_1_122' title='bbox 241 1772 326 1835; x_wconf 88' lang='lat' dir='ltr'><strong>Nunc</strong></span> <span class='ocrx_word' id='word_1_123' title='bbox 340 1788 463 1850; x_wconf 86' lang='lat' dir='ltr'><strong>queque</strong></span> <span class='ocrx_word' id='word_1_124' title='bbox 478 1776 586 1838; x_wconf 83' lang='lat' dir='ltr'><strong>detecti</strong></span> <span class='ocrx_word' id='word_1_125' title='bbox 600 1777 734 1836; x_wconf 81' lang='lat' dir='ltr'><strong>referunt</strong></span> <span class='ocrx_word' id='word_1_126' title='bbox 746 1777 929 1837; x_wconf 88' lang='lat' dir='ltr'><strong>monimenta</strong></span> <span class='ocrx_word' id='word_1_127' title='bbox 942 1776 1054 1837; x_wconf 86' lang='lat' dir='ltr'><strong>vetusti</strong></span> <span class='ocrx_word' id='word_1_128' title='bbox 1172 1774 1175 1784; x_wconf 83' lang='grc'><strong>’</strong></span> 
     </span>
    </p>
   </div>
   <div class='ocr_carea' id='block_1_6' title="bbox 178 1858 1139 3507">
    <p class='ocr_par' dir='ltr' id='par_1_6' title="bbox 178 1858 1139 3507">
     <span class='ocr_line' id='line_1_20' title="bbox 281 1858 1139 1934; baseline 0.003 -17"><span class='ocrx_word' id='word_1_129' title='bbox 281 1858 391 1931; x_wconf 87' lang='lat' dir='ltr'><strong>Muris,</strong></span> <span class='ocrx_word' id='word_1_130' title='bbox 407 1866 437 1918; x_wconf 90' lang='lat' dir='ltr'><strong>et</strong></span> <span class='ocrx_word' id='word_1_131' title='bbox 450 1859 589 1934; x_wconf 87' lang='lat' dir='ltr'><strong>antiquas</strong></span> <span class='ocrx_word' id='word_1_132' title='bbox 604 1860 800 1921; x_wconf 85' lang='lat' dir='ltr'><strong>testificantur</strong></span> <span class='ocrx_word' id='word_1_133' title='bbox 815 1875 901 1934; x_wconf 91' lang='lat' dir='ltr'><strong>opes.</strong></span> <span class='ocrx_word' id='word_1_134' title='bbox 1016 1900 1020 1911; x_wconf 68' lang='grc'><strong><em>»</em></strong></span> <span class='ocrx_word' id='word_1_135' title='bbox 1136 1898 1139 1905; x_wconf 87' lang='grc'><strong>-</strong></span> 
     </span>
     <span class='ocr_line' id='line_1_21' title="bbox 242 1939 974 2019; baseline 0.004 -19"><span class='ocrx_word' id='word_1_136' title='bbox 242 1939 306 2000; x_wconf 88' lang='lat' dir='ltr'><strong>Sed</strong></span> <span class='ocrx_word' id='word_1_137' title='bbox 323 1958 378 2002; x_wconf 90' lang='lat' dir='ltr'><strong>cur</strong></span> <span class='ocrx_word' id='word_1_138' title='bbox 390 1943 555 2019; x_wconf 80' lang='lat' dir='ltr'><strong>praecipue</strong></span> <span class='ocrx_word' id='word_1_139' title='bbox 571 1943 664 2018; x_wconf 77' lang='lat' dir='ltr'><strong>fugiat</strong></span> <span class='ocrx_word' id='word_1_140' title='bbox 677 1944 828 2003; x_wconf 84' lang='lat' dir='ltr'><strong>velamina</strong></span> <span class='ocrx_word' id='word_1_141' title='bbox 840 1944 974 2016; x_wconf 87' lang='lat' dir='ltr'><strong>Faunus,</strong></span> 
     </span>
     <span class='ocr_line' id='line_1_22' title="bbox 282 2025 866 2102; baseline 0.002 -18"><span class='ocrx_word' id='word_1_142' title='bbox 282 2025 419 2086; x_wconf 81' lang='lat' dir='ltr'><strong>Traditur</strong></span> <span class='ocrx_word' id='word_1_143' title='bbox 432 2026 546 2102; x_wconf 79' lang='lat' dir='ltr'><strong>antiqui</strong></span> <span class='ocrx_word' id='word_1_144' title='bbox 559 2026 662 2086; x_wconf 80' lang='lat' dir='ltr'><strong>fabula</strong></span> <span class='ocrx_word' id='word_1_145' title='bbox 675 2027 765 2101; x_wconf 89' lang='lat' dir='ltr'><strong>plena</strong></span> <span class='ocrx_word' id='word_1_146' title='bbox 778 2026 847 2087; x_wconf 86' lang='lat' dir='ltr'><strong>iaci.</strong></span> <span class='ocrx_word' id='word_1_147' title='bbox 863 2090 866 2099; x_wconf 54' lang='grc'><em>,</em></span> 
     </span>
     <span class='ocr_line' id='line_1_23' title="bbox 178 2105 1020 2186; baseline -0.002 -17"><span class='ocrx_word' id='word_1_148' title='bbox 178 2113 231 2169; x_wconf 78' lang='grc'><strong>305</strong></span> <span class='ocrx_word' id='word_1_149' title='bbox 244 2105 333 2168; x_wconf 83' lang='lat' dir='ltr'><strong>Ferte</strong></span> <span class='ocrx_word' id='word_1_150' title='bbox 348 2124 451 2171; x_wconf 82' lang='lat' dir='ltr'><strong>comes</strong></span> <span class='ocrx_word' id='word_1_151' title='bbox 465 2110 606 2170; x_wconf 75' lang='lat' dir='ltr'><strong>dominae</strong></span> <span class='ocrx_word' id='word_1_152' title='bbox 621 2110 738 2170; x_wconf 90' lang='lat' dir='ltr'><strong>iuvenis</strong></span> <span class='ocrx_word' id='word_1_153' title='bbox 753 2109 925 2186; x_wconf 85' lang='lat' dir='ltr'><strong>Tirynthius</strong></span> <span class='ocrx_word' id='word_1_154' title='bbox 942 2109 1020 2171; x_wconf 70' lang='lat' dir='ltr'><strong>ibat:</strong></span> 
     </span>
     <span class='ocr_line' id='line_1_24' title="bbox 282 2191 959 2269; baseline 0.004 -20"><span class='ocrx_word' id='word_1_155' title='bbox 282 2191 366 2252; x_wconf 85' lang='lat' dir='ltr'><strong>Vidit</strong></span> <span class='ocrx_word' id='word_1_156' title='bbox 379 2193 417 2251; x_wconf 84' lang='lat' dir='ltr'><strong>ab</strong></span> <span class='ocrx_word' id='word_1_157' title='bbox 432 2194 554 2253; x_wconf 86' lang='lat' dir='ltr'><strong>excelsu</strong></span> <span class='ocrx_word' id='word_1_158' title='bbox 569 2193 689 2254; x_wconf 88' lang='lat' dir='ltr'><strong>Faunus</strong></span> <span class='ocrx_word' id='word_1_159' title='bbox 704 2201 864 2269; x_wconf 88' lang='lat' dir='ltr'><strong>utrumque</strong></span> <span class='ocrx_word' id='word_1_160' title='bbox 877 2192 959 2268; x_wconf 82' lang='lat' dir='ltr'><strong>iuge.</strong></span> 
     </span>
     <span class='ocr_line' id='line_1_25' title="bbox 201 2273 1037 2352; baseline 0.001 -17"><span class='ocrx_word' id='word_1_161' title='bbox 201 2312 203 2315; x_wconf 33' lang='lat' dir='ltr'>v</span> <span class='ocrx_word' id='word_1_162' title='bbox 241 2273 340 2347; x_wconf 88' lang='lat' dir='ltr'><strong>Vidit,</strong></span> <span class='ocrx_word' id='word_1_163' title='bbox 356 2282 386 2336; x_wconf 87' lang='lat' dir='ltr'><strong>et</strong></span> <span class='ocrx_word' id='word_1_164' title='bbox 398 2275 536 2352; x_wconf 84' lang='lat' dir='ltr'><strong>incaluit,</strong></span> <span class='ocrx_word' id='word_1_165' title='bbox 551 2276 777 2352; x_wconf 74' lang='lat' dir='ltr'><strong>‘Montana&#39;que</strong></span> <span class='ocrx_word' id='word_1_166' title='bbox 791 2277 946 2350; x_wconf 73' lang='lat' dir='ltr'><strong>‘numina’</strong></span> <span class='ocrx_word' id='word_1_167' title='bbox 960 2277 1037 2337; x_wconf 83' lang='lat' dir='ltr'><strong>dixit</strong></span> 
     </span>
     <span class='ocr_line' id='line_1_26' title="bbox 282 2357 1042 2421; baseline 0.007 -5"><span class='ocrx_word' id='word_1_168' title='bbox 282 2358 340 2417; x_wconf 73' lang='lat' dir='ltr'><strong>‘Nil</strong></span> <span class='ocrx_word' id='word_1_169' title='bbox 354 2357 426 2419; x_wconf 92' lang='lat' dir='ltr'><strong>mihi</strong></span> <span class='ocrx_word' id='word_1_170' title='bbox 439 2359 599 2419; x_wconf 86' lang='lat' dir='ltr'><strong>vobiscum</strong></span> <span class='ocrx_word' id='word_1_171' title='bbox 612 2367 667 2420; x_wconf 86' lang='lat' dir='ltr'><strong>est.</strong></span> <span class='ocrx_word' id='word_1_172' title='bbox 695 2360 744 2420; x_wconf 93' lang='lat' dir='ltr'><strong>hic</strong></span> <span class='ocrx_word' id='word_1_173' title='bbox 757 2376 842 2420; x_wconf 90' lang='lat' dir='ltr'><strong>meus</strong></span> <span class='ocrx_word' id='word_1_174' title='bbox 861 2361 956 2420; x_wconf 85' lang='lat' dir='ltr'><strong>arder</strong></span> <span class='ocrx_word' id='word_1_175' title='bbox 965 2361 1042 2421; x_wconf 74' lang='lat' dir='ltr'><strong>erit?</strong></span> 
     </span>
     <span class='ocr_line' id='line_1_27' title="bbox 226 2440 887 2518; baseline 0.003 -17"><span class='ocrx_word' id='word_1_176' title='bbox 226 2440 308 2501; x_wconf 78' lang='lat' dir='ltr'><strong>&#39;Ibat</strong></span> <span class='ocrx_word' id='word_1_177' title='bbox 321 2441 456 2502; x_wconf 85' lang='lat' dir='ltr'><strong>adoratis</strong></span> <span class='ocrx_word' id='word_1_178' title='bbox 470 2442 614 2504; x_wconf 87' lang='lat' dir='ltr'><strong>humeros</strong></span> <span class='ocrx_word' id='word_1_179' title='bbox 630 2445 755 2518; x_wconf 85' lang='lat' dir='ltr'><strong>perlusa</strong></span> <span class='ocrx_word' id='word_1_180' title='bbox 769 2443 887 2518; x_wconf 82' lang='lat' dir='ltr'><strong>capillis</strong></span> 
     </span>
     <span class='ocr_line' id='line_1_28' title="bbox 178 2524 884 2601; baseline -0.003 -17"><span class='ocrx_word' id='word_1_181' title='bbox 178 2536 231 2592; x_wconf 81' lang='lat'><strong>310</strong></span> <span class='ocrx_word' id='word_1_182' title='bbox 283 2524 437 2596; x_wconf 85' lang='lat' dir='ltr'><strong>Maeonis,</strong></span> <span class='ocrx_word' id='word_1_183' title='bbox 453 2532 558 2595; x_wconf 85' lang='lat' dir='ltr'><strong>aurata</strong></span> <span class='ocrx_word' id='word_1_184' title='bbox 574 2527 793 2601; x_wconf 86' lang='lat' dir='ltr'><strong>conspicienda</strong></span> <span class='ocrx_word' id='word_1_185' title='bbox 806 2527 884 2585; x_wconf 87' lang='lat' dir='ltr'><strong>sinu.</strong></span> 
     </span>
     <span class='ocr_line' id='line_1_29' title="bbox 243 2607 940 2683; baseline -0.003 -14"><span class='ocrx_word' id='word_1_186' title='bbox 243 2608 346 2669; x_wconf 85' lang='lat' dir='ltr'><strong>Aurea</strong></span> <span class='ocrx_word' id='word_1_187' title='bbox 360 2607 512 2683; x_wconf 82' lang='lat' dir='ltr'><strong>pellebant</strong></span> <span class='ocrx_word' id='word_1_188' title='bbox 524 2610 644 2683; x_wconf 87' lang='lat' dir='ltr'><strong>tepidus</strong></span> <span class='ocrx_word' id='word_1_189' title='bbox 659 2609 834 2669; x_wconf 88' lang='lat' dir='ltr'><strong>umbracula</strong></span> <span class='ocrx_word' id='word_1_190' title='bbox 847 2609 940 2679; x_wconf 85' lang='lat' dir='ltr'><strong>soles,</strong></span> 
     </span>
     <span class='ocr_line' id='line_1_30' title="bbox 283 2692 1032 2766; baseline -0.003 -14"><span class='ocrx_word' id='word_1_191' title='bbox 283 2692 366 2766; x_wconf 81' lang='lat' dir='ltr'><strong>Quae</strong></span> <span class='ocrx_word' id='word_1_192' title='bbox 379 2698 478 2751; x_wconf 91' lang='lat' dir='ltr'><strong>tamen</strong></span> <span class='ocrx_word' id='word_1_193' title='bbox 491 2692 659 2752; x_wconf 87' lang='lat' dir='ltr'><strong>Herculeae</strong></span> <span class='ocrx_word' id='word_1_194' title='bbox 674 2693 845 2753; x_wconf 88' lang='lat' dir='ltr'><strong>sustinuere</strong></span> <span class='ocrx_word' id='word_1_195' title='bbox 860 2704 977 2750; x_wconf 86' lang='lat' dir='ltr'><strong>manus.</strong></span> <span class='ocrx_word' id='word_1_196' title='bbox 1029 2716 1032 2725; x_wconf 26' lang='lat' dir='ltr'><strong>a</strong></span> 
     </span>
     <span class='ocr_line' id='line_1_31' title="bbox 244 2771 1011 2851; baseline -0.004 -17"><span class='ocrx_word' id='word_1_197' title='bbox 244 2774 368 2851; x_wconf 86' lang='lat' dir='ltr'><strong>lamque</strong></span> <span class='ocrx_word' id='word_1_198' title='bbox 381 2791 487 2837; x_wconf 91' lang='lat' dir='ltr'><strong>nemus</strong></span> <span class='ocrx_word' id='word_1_199' title='bbox 501 2774 627 2848; x_wconf 89' lang='lat' dir='ltr'><strong>Bacchi,</strong></span> <span class='ocrx_word' id='word_1_200' title='bbox 642 2776 736 2834; x_wconf 83' lang='lat' dir='ltr'><strong>Tmoli</strong></span> <span class='ocrx_word' id='word_1_201' title='bbox 750 2774 866 2843; x_wconf 86' lang='lat' dir='ltr'><strong>vineta,</strong></span> <span class='ocrx_word' id='word_1_202' title='bbox 880 2771 1011 2846; x_wconf 86' lang='lat' dir='ltr'><strong>tenebat,</strong></span> 
     </span>
     <span class='ocr_line' id='line_1_32' title="bbox 282 2856 922 2934; baseline -0.009 -16"><span class='ocrx_word' id='word_1_203' title='bbox 282 2859 439 2934; x_wconf 87' lang='lat' dir='ltr'><strong>Hesperos</strong></span> <span class='ocrx_word' id='word_1_204' title='bbox 454 2864 485 2917; x_wconf 85' lang='lat' dir='ltr'><strong>et</strong></span> <span class='ocrx_word' id='word_1_205' title='bbox 499 2860 586 2918; x_wconf 87' lang='lat' dir='ltr'><strong>lusco</strong></span> <span class='ocrx_word' id='word_1_206' title='bbox 601 2858 743 2919; x_wconf 88' lang='lat' dir='ltr'><strong>roscidus</strong></span> <span class='ocrx_word' id='word_1_207' title='bbox 757 2856 819 2915; x_wconf 87' lang='lat' dir='ltr'><strong>ibat</strong></span> <span class='ocrx_word' id='word_1_208' title='bbox 833 2870 922 2928; x_wconf 87' lang='lat' dir='ltr'><strong>equo.</strong></span> 
     </span>
     <span class='ocr_line' id='line_1_33' title="bbox 182 2938 993 3016; baseline -0.002 -18"><span class='ocrx_word' id='word_1_209' title='bbox 182 2944 233 2999; x_wconf 77' lang='lat'><strong>315</strong></span> <span class='ocrx_word' id='word_1_210' title='bbox 246 2940 341 3002; x_wconf 83' lang='lat' dir='ltr'><strong>Antra</strong></span> <span class='ocrx_word' id='word_1_211' title='bbox 355 2941 452 3014; x_wconf 92' lang='lat' dir='ltr'><strong>subit,</strong></span> <span class='ocrx_word' id='word_1_212' title='bbox 464 2941 566 3014; x_wconf 89' lang='lat' dir='ltr'><strong>tophis</strong></span> <span class='ocrx_word' id='word_1_213' title='bbox 581 2942 724 3016; x_wconf 88' lang='lat' dir='ltr'><strong>laqueata</strong></span> <span class='ocrx_word' id='word_1_214' title='bbox 736 2945 766 2997; x_wconf 92' lang='lat' dir='ltr'><strong>et</strong></span> <span class='ocrx_word' id='word_1_215' title='bbox 779 2939 897 3013; x_wconf 87' lang='lat' dir='ltr'><strong>pumice</strong></span> <span class='ocrx_word' id='word_1_216' title='bbox 911 2938 993 2999; x_wconf 80' lang='lat' dir='ltr'><strong>viru.</strong></span> 
     </span>
     <span class='ocr_line' id='line_1_34' title="bbox 287 3022 892 3099; baseline -0.007 -16"><span class='ocrx_word' id='word_1_217' title='bbox 287 3025 432 3087; x_wconf 87' lang='lat' dir='ltr'><strong>Garrulus</strong></span> <span class='ocrx_word' id='word_1_218' title='bbox 447 3025 477 3084; x_wconf 92' lang='lat' dir='ltr'><strong>in</strong></span> <span class='ocrx_word' id='word_1_219' title='bbox 493 3024 590 3099; x_wconf 86' lang='lat' dir='ltr'><strong>primo</strong></span> <span class='ocrx_word' id='word_1_220' title='bbox 606 3025 707 3085; x_wconf 90' lang='lat' dir='ltr'><strong>limine</strong></span> <span class='ocrx_word' id='word_1_221' title='bbox 721 3022 805 3083; x_wconf 90' lang='lat' dir='ltr'><strong>rivus</strong></span> <span class='ocrx_word' id='word_1_222' title='bbox 820 3028 892 3082; x_wconf 86' lang='lat' dir='ltr'><strong>erat.</strong></span> 
     </span>
     <span class='ocr_line' id='line_1_35' title="bbox 245 3099 1064 3184; baseline -0.009 -17"><span class='ocrx_word' id='word_1_223' title='bbox 245 3106 383 3182; x_wconf 86' lang='lat' dir='ltr'><strong>Dumque</strong></span> <span class='ocrx_word' id='word_1_224' title='bbox 397 3114 505 3184; x_wconf 88' lang='lat' dir='ltr'><strong>parant</strong></span> <span class='ocrx_word' id='word_1_225' title='bbox 518 3108 624 3181; x_wconf 85' lang='lat' dir='ltr'><strong>epulas</strong></span> <span class='ocrx_word' id='word_1_226' title='bbox 638 3106 833 3179; x_wconf 80' lang='lat' dir='ltr'><strong>potandaque</strong></span> <span class='ocrx_word' id='word_1_227' title='bbox 846 3105 917 3165; x_wconf 86' lang='lat' dir='ltr'><strong>vina</strong></span> <span class='ocrx_word' id='word_1_228' title='bbox 930 3099 1064 3173; x_wconf 90' lang='lat' dir='ltr'><strong>ministri,</strong></span> 
     </span>
     <span class='ocr_line' id='line_1_36' title="bbox 286 3189 846 3253; baseline -0.004 -4"><span class='ocrx_word' id='word_1_229' title='bbox 286 3189 418 3253; x_wconf 79' lang='lat' dir='ltr'><strong>cultibus</strong></span> <span class='ocrx_word' id='word_1_230' title='bbox 431 3190 561 3253; x_wconf 78' lang='lat' dir='ltr'><strong>Alciden</strong></span> <span class='ocrx_word' id='word_1_231' title='bbox 575 3189 695 3251; x_wconf 89' lang='lat' dir='ltr'><strong>instruit</strong></span> <span class='ocrx_word' id='word_1_232' title='bbox 707 3189 758 3251; x_wconf 90' lang='lat' dir='ltr'><strong>illa</strong></span> <span class='ocrx_word' id='word_1_233' title='bbox 771 3190 846 3251; x_wconf 83' lang='lat' dir='ltr'><strong>suis.</strong></span> 
     </span>
     <span class='ocr_line' id='line_1_37' title="bbox 247 3271 1070 3349; baseline -0.009 -16"><span class='ocrx_word' id='word_1_234' title='bbox 247 3273 305 3333; x_wconf 85' lang='lat' dir='ltr'><strong>Dat</strong></span> <span class='ocrx_word' id='word_1_235' title='bbox 317 3276 415 3334; x_wconf 85' lang='lat' dir='ltr'><strong>tenuis</strong></span> <span class='ocrx_word' id='word_1_236' title='bbox 429 3275 563 3349; x_wconf 89' lang='lat' dir='ltr'><strong>tunicas,</strong></span> <span class='ocrx_word' id='word_1_237' title='bbox 580 3272 833 3335; x_wconf 85' lang='lat' dir='ltr'><strong>Gaetutomur&#39;ue</strong></span> <span class='ocrx_word' id='word_1_238' title='bbox 848 3271 966 3340; x_wconf 76' lang='lat' dir='ltr'><strong>unctas,</strong></span> <span class='ocrx_word' id='word_1_239' title='bbox 1065 3318 1070 3327; x_wconf 86' lang='lat'>.</span> 
     </span>
     <span class='ocr_line' id='line_1_38' title="bbox 183 3351 987 3432; baseline -0.014 -12"><span class='ocrx_word' id='word_1_240' title='bbox 183 3364 236 3420; x_wconf 81' lang='grc'><strong>300</strong></span> <span class='ocrx_word' id='word_1_241' title='bbox 287 3357 345 3418; x_wconf 86' lang='lat' dir='ltr'><strong>Dat</strong></span> <span class='ocrx_word' id='word_1_242' title='bbox 357 3364 482 3419; x_wconf 85' lang='lat' dir='ltr'><strong>teretem</strong></span> <span class='ocrx_word' id='word_1_243' title='bbox 494 3374 617 3431; x_wconf 84' lang='lat' dir='ltr'><strong>zenam,</strong></span> <span class='ocrx_word' id='word_1_244' title='bbox 632 3373 693 3432; x_wconf 81' lang='lat' dir='ltr'><strong>que</strong></span> <span class='ocrx_word' id='word_1_245' title='bbox 706 3355 911 3419; x_wconf 72' lang='lat' dir='ltr'><strong>modomncta</strong></span> <span class='ocrx_word' id='word_1_246' title='bbox 925 3351 987 3414; x_wconf 87' lang='lat' dir='ltr'><strong>luit.</strong></span> 
     </span>
     <span class='ocr_line' id='line_1_39' title="bbox 246 3435 1079 3507; baseline -0.013 -4"><span class='ocrx_word' id='word_1_247' title='bbox 246 3442 360 3503; x_wconf 81' lang='lat' dir='ltr'><strong>venue</strong></span> <span class='ocrx_word' id='word_1_248' title='bbox 373 3440 471 3501; x_wconf 87' lang='lat' dir='ltr'><strong>minor</strong></span> <span class='ocrx_word' id='word_1_249' title='bbox 483 3448 563 3505; x_wconf 82' lang='lat' dir='ltr'><strong>zoua</strong></span> <span class='ocrx_word' id='word_1_250' title='bbox 574 3448 631 3507; x_wconf 79' lang='lat' dir='ltr'><strong>esi.</strong></span> <span class='ocrx_word' id='word_1_251' title='bbox 658 3439 825 3503; x_wconf 85' lang='lat' dir='ltr'><strong>tunicarum</strong></span> <span class='ocrx_word' id='word_1_252' title='bbox 840 3435 939 3497; x_wconf 90' lang='lat' dir='ltr'><strong>vincla</strong></span> <span class='ocrx_word' id='word_1_253' title='bbox 951 3435 1079 3507; x_wconf 71' lang='lat' dir='ltr'><strong>relaxat,</strong></span> 
     </span>
    </p>
   </div>
   <div class='ocr_carea' id='block_1_7' title="bbox 0 0 1306 3816">
    <p class='ocr_par' dir='ltr' id='par_1_7' title="bbox 0 0 1306 3816">
     <span class='ocr_line' id='line_1_40' title="bbox 0 0 1306 3816; baseline 0 0"><span class='ocrx_word' id='word_1_254' title='bbox 0 0 1306 3816; x_wconf 95' lang='lat' dir='ltr'><strong> </strong></span> 
     </span>
    </p>
   </div>
  </div>
 </body>
</html>
