2602 3816
507 207 567 317 ru,
588 203 625 282 4,
645 204 765 281 et-u
787 190 836 271 u.
1113 206 1175 271 ret
1207 212 1210 223 ¹

297 360 335 420 Et
347 359 438 421 meris
453 356 530 420 lenit
544 350 721 433 uendieritie
736 374 858 433 equuss
876 392 880 399 ·
971 358 974 365 “

256 443 338 504 Luce
352 445 451 504 minus
467 444 584 503 deeime
599 442 752 502 deminum
764 442 892 502 venietis
906 443 937 502 in
952 442 1085 518 Urbeuq‘.

296 527 336 588 Ut
349 526 806 587 festinatumnontee'ietisiter.
870 568 873 577 .

256 608 395 669 Protinus
409 609 480 668 inde
494 610 603 671 domus
617 609 707 669 vobis
720 607 864 684 Pompeia
876 615 1004 685 petetur.

208 695 243 749 10
295 692 361 752 Non
377 699 427 752 est
436 694 576 766 Augusto
590 691 720 752 iunctior
732 691 795 751 ulle
808 693 884 752 fure.
1135 762 1139 769 ,

257 774 375 849 Siquis,
391 782 423 836 ut
437 775 467 833 in
482 775 612 850 popule,
629 776 680 849 qui
693 775 775 845 sitis,
793 781 822 833 et
837 774 930 847 unde,
944 777 1087 851 requiret,
1103 776 1108 787 ”

297 854 425 917 Nomine
439 852 570 932 decepte
584 856 736 930 quaetibet
749 861 823 917 eure
835 859 921 918 ferat
1027 903 1033 922 .

256 940 296 1002 Ut
309 941 348 1000 sit
361 942 441 999 enim
453 938 563 1012 tutum,
572 941 658 1000 eieut
669 938 840 1011 r'eer.esse‚'
854 941 948 1013 fateri,

297 1020 514 1084 Verba'min'ue
530 1024 612 1083 certe
624 1023 699 1082 fite·
710 1023 826 1082 timeris
841 1022 963 1084 hebent
1030 1034 1034 1043 ’

209 1115 243 1167 15
258 1106 352 1181 Cupie
366 1106 529 1167 nee'vebis
542 1107 605 1167 uite
619 1105 799 1181 prohibente
813 1106 938 1167 videndi
962 1116 965 1121 ’

267 1204 270 1211 ’
298 1190 454 1263 consutis,
470 1198 503 1251 ut
516 1189 821 1263 limen-contigeritis,
837 1190 901 1249 erit
989 1262 992 1265 ¹

257 1276 318 1332 Aut
331 1279 416 1346 reget
430 1274 480 1333 iile
495 1289 570 1335 sues
582 1272 712 1332 dicendo
727 1272 793 1331 iure
808 1271 946 1345 Quirites,

299 1357 502 1430 conspicuum
517 1356 612 1430 siguis
628 1371 696 1414 eum
711 1362 827 1429 premet
841 1356 919 1416 altus
931 1357 1021 1417 ebur=

257 1442 320 1501 Aut
333 1440 439 1514 pepuli
452 1440 568 1499 reditus
583 1438 716 1514 qesitetn‘
729 1446 891 1513 componet
904 1439 944 1498 ud
959 1439 1087 1513 bustum,

206 1534 241 1589 2⁰
294 1523 332 1582 Et
344 1520 579 1596 minui'rnugnne
593 1520 749 1580 nen'sinet.
761 1520 851 1581 Urbis
867 1536 960 1596 opes-r
1000 1554 1003 1561 ,
1051 1568 1060 1584 .

256 1608 332 1677 Aut,
348 1613 381 1664 ut
395 1613 482 1664 erunt
496 1608 597 1679 putres
611 1604 642 1661 in
655 1603 855 1678 Iulietempte
868 1603 978 1678 veeeti,

229 1703 230 1706 ’
297 1689 343 1749 De
354 1686 555 1762 tente‘dignis
571 1687 697 1746 nensuie
711 1685 803 1747 rebus
819 1693 902 1766 eget:

184 1766 186 1773 “
257 1774 319 1835 Aut
332 1772 408 1830 teret
420 1773 561 1845 Auguste
575 1770 695 1830 solitum
708 1776 841 1844 natoque
855 1769 992 1843 sulutem,

212 1854 214 1859 ’
297 1854 404 1929 Deque
418 1870 524 1929 perum
539 1860 612 1913 note
625 1853 764 1929 consulet
777 1853 898 1912 eifieion
979 1886 982 1895 ·
1055 1892 1067 1905 i,

207 1939 242 1998 25
255 1936 388 2012 Tempus
406 1937 443 1996 eb
457 1938 506 1998 his
519 1952 649 1997 vaenum
664 1934 776 1997 Caesar
789 1935 988 2001 Germanicus
1002 1948 1092 1996 omne

298 2020 432 2089 Auieret.
461 2020 611 2095 auruginis
624 2019 707 2079 hune
722 2019 794 2079 colit
807 2020 860 2079 ilie
872 2019 949 2087 deis.
1001 2070 1004 2079 ⁴
1076 2052 1079 2061 ·
1099 2074 1102 2087 ,

258 2103 332 2165 Cum
346 2109 446 2162 temen
460 2120 479 2164 a
492 2104 580 2175 turbe
592 2118 695 2163 renum
707 2102 890 2176 requieverit
903 2102 1019 2178 hurum,
1034 2142 1037 2145 -

298 2186 349 2247 Ad
363 2186 823 2261 veemensuetas*porrigente
841 2202 971 2247 mannen
1000 2228 1003 2235 ,
1075 2218 1079 2249 ς

260 2269 400 2344 Quidque
414 2285 524 2344 pareus
539 2285 597 2342 ege
612 2276 714 2330 vester
728 2285 829 2342 egem,
845 2270 976 2330 tortasse
989 2269 1131 2344 requiret.

207 2364 244 2420 30
298 2352 381 2411 Tutia
396 2352 508 2412 rosilli
523 2352 651 2413 reddere
664 2350 759 2413 'verbe
772 2353 878 2415 ueiim=

260 2436 357 2496 ‘Vivit
372 2434 473 2495 adhue
486 2436 642 2509 vitemque
654 2436 707 2496 tibi
722 2435 835 2495 debere
850 2437 966 2507 fatetur,

300 2519 396 2592 Quum
410 2516 494 2591 prius
509 2534 534 2578 u
542 2518 604 2579 miti
619 2519 749 2578 Caesare
764 2517 995 2585 munustabeu

257 2602 300 2662 Te
314 2600 387 2674 sibi,
402 2615 471 2661 eum
485 2602 617 2675 fugeret,
631 2600 756 2662 memori
767 2602 850 2661 solet
865 2615 918 2658 ere
931 2601 1044 2661 reterre

171 2695 174 2702 ’
297 2683 461 2744 Barbariee
474 2691 555 2745 tutes
569 2685 745 2747 exhibuisse
761 2684 839 2742 uiesz
957 2742 959 2746 ,
1018 2708 1059 2757 g

156 2824 159 2831 .
209 2776 243 2832 35
258 2767 411 2842 Sanguine
424 2767 593 2829 Bistonium
608 2768 690 2841 quod
703 2781 766 2826 non
781 2761 1083 2839 tepefeceritensem,

297 2852 446 2911 Effectum
460 2865 533 2910 eure
548 2850 680 2924 pecteris
695 2863 766 2909 esse
779 2848 838 2907 tute
920 2886 923 2892 ,

258 2934 373 3006 Addita
386 2941 543 3009 praeterea
555 2934 636 2992 vitae
652 2928 1025 3006 quoque‘muitetuendee

298 3017 440 3090 Munera,
454 3032 493 3077 ne
507 3015 646 3091 proprias
662 3021 829 3077 attenuaret
843 3028 930 3088 opes.

259 3099 316 3159 Pro
329 3100 441 3177 quibus
456 3106 488 3160 ut
500 3098 613 3159 meritis
628 3098 775 3159 referetur
787 3099 904 3179 gretie,⁸
913 3097 991 3157 iuret

210 3189 246 3241 40
299 3182 340 3242 Se
353 3184 420 3243 fere
433 3181 583 3257 mancipio
598 3187 717 3255 tempus
731 3180 762 3239 in
774 3197 863 3240 omne
876 3188 970 3240 tuum.

257 3264 332 3323 Nem
347 3266 433 3340 prius
445 3266 593 3327 umbrosa
607 3264 753 3331 cariturus
768 3265 1019 3334 erborernonteS,

227 3348 230 3357 ’
297 3346 583 3410 Ettretavetivotes
597 3364 658 3409 neu
673 3347 923 3419 habituraretes,⁴
990 3392 994 3400 .
1031 3374 1034 3395 τ
1073 3414 1076 3425 Ι

189 3442 192 3455 “
256 3428 454 3506 Fluminaque
468 3432 498 3493 in
514 3434 613 3494 sontes
628 3447 720 3493 eursu
732 3431 868 3493 rediture
882 3426 1002 3504 supine,
