2598 3812
121 284 125 289 ⁴
173 212 237 283 uo
562 182 802 277 cxiouuo.
894 280 902 291 ‚

206 377 240 431 1⁵
253 366 316 428 Nec
329 364 389 426 nisi
404 363 488 442 qued
501 362 644 439 prodest,
653 377 763 429 ‚comm
776 370 837 434 est,
853 372 897 437 et,
914 366 1040 429 deuote
1051 367 1146 428 menti

298 448 392 527 Spem
405 449 520 510 tructus
534 446 658 521 avidae,
676 462 767 509 nemo
778 450 930 524 petendas
946 452 1011 516 ecit

256 537 298 595 At
310 534 425 594 reditus
438 533 499 592 iam
513 529 646 605 qusque
659 544 734 590 euos
747 530 843 605 amat,
861 540 891 597 et
909 533 967 594 slot
980 535 1056 610 quid
1070 537 1112 596 sit
1133 544 1138 551 ·

297 617 391 691 Utile,
407 614 544 676 sollicitis
558 620 705 688 supputat
717 614 860 675 articulis.

256 701 335 762 Illud
350 698 499 759 amicitiae
516 694 670 772 quondam
683 698 859 759 venerabile
873 714 984 761 numen
1004 696 1006 699 ’
1048 718 1052 729 ’

207 801 242 854 20
295 783 415 845 Prostm
428 788 459 842 et
474 781 505 840 ln
521 787 650 856 quaestu
663 796 719 855 pro
736 783 894 843 meretrice
909 784 1006 845 sedet

189 898 192 903 ,
257 868 323 944 Quo
339 865 436 940 magis
451 864 599 938 admiror,
614 878 690 938 non,
705 870 738 923 ut
750 866 932 945 torrentibus
947 867 1050 941 undis,

297 948 471 1013 communis
486 947 552 1011 vitii
567 953 733 1043 tenueque
750 949 818 1008 labe
831 951 919 1013 trahi

256 1034 395 1109 Diligitur
408 1048 513 1106 nemo,
528 1030 588 1092 nisi
600 1030 651 1091 cui
666 1032 786 1093 leuuca
800 1034 936 1094 secunda
951 1042 1015 1097 esta

297 1117 382 1192 Quae
395 1116 485 1177 simul
498 1114 641 1189 intonuit,
658 1116 797 1191 proxima
812 1132 953 1194 quaeque
967 1120 1061 1193 fugat

206 1211 241 1266 tt
253 1200 299 1262 Eu
313 1216 388 1276 ego,
409 1214 470 1261 non
484 1198 590 1274 paucis
605 1199 760 1274 quondam
773 1202 905 1271 manitus
925 1203 1041 1277 amicis,

297 1285 374 1347 Dum
388 1281 473 1343 flavit
486 1283 565 1344 velis
580 1298 654 1343 aura
667 1284 807 1345 secunda
820 1285 907 1360 meis

162 1440 168 1451 .
255 1369 296 1430 Ut
309 1369 375 1429 iera
390 1366 530 1427 nimboso
544 1372 717 1429 tumuerunt
730 1383 868 1444 aequora
882 1376 985 1445 vento,
1072 1446 1075 1451 Ι

297 1453 332 1512 ln
346 1451 455 1512 mediis
469 1451 572 1512 lacera
585 1464 665 1512 nove
680 1450 951 1528 celinquonaquls.

257 1535 392 1611 Cumque
406 1535 456 1596 alii
471 1534 568 1594 uollnt
580 1533 670 1595 etium
685 1551 733 1595 me
747 1550 842 1596 nosse
855 1537 962 1612 videri,

207 1635 243 1697 aa
275 1640 277 1647 s
297 1618 363 1680 Vix·
374 1617 437 1680 duo
451 1616 587 1695 prolecto
601 1624 708 1680 tresve
718 1620 833 1681 tulistis
848 1636 948 1697 opem

258 1703 390 1837 Quorum
412 1709 446 1764 tu
466 1702 623 1780 princeps.
661 1719 762 1780 neque
785 1703 864 1767 enim
887 1719 991 1769 eomes
1013 1717 1100 1777 esse,
1123 1702 1178 1764 sed
1288 1772 1289 1781 ἵ

828 1796 942 1861 auctor,
1011 1818 1015 1825 =
1288 1786 1289 1835 l

296 1872 359 1933 Nec
374 1878 477 1948 petere
492 1870 679 1967 cumptum,
695 1871 752 1931 ced
767 1871 840 1933 dare
856 1834 967 1947 dignus
982 1886 1063 1933 eme

147 2008 152 2015 .
256 1957 314 2029 Te,
331 1956 405 2016 nihil
420 1963 559 2029 exacto,
576 1954 710 2015 nisinen
727 1970 877 2030 peccasse
893 1964 1054 2053 petentem,

174 2042 175 2045 ’
298 2002 414 2114 Sponte
430 2054 489 2098 sue
501 2037 640 2115 probitas
656 2038 874 2115 ciliciumque
867 2046 1010 2100 iuvat

209 2125 244 2181 35
256 2122 360 2185 Iudice
375 2130 405 2182 te
419 2122 560 2184 mercede
575 2125 671 2182 caret
674 2137 729 2197 per
745 2138 842 2198 seque
856 2122 988 2198 petenda
1005 2129 1057 2183 est
1155 2132 1162 2151 ²

298 2204 441 2266 Externis
457 2205 554 2268 virtus
567 2205 741 2265 incomitata
753 2205 855 2266 bonis.

257 2291 357 2365 Turpe
373 2296 465 2364 putas
480 2288 574 2363 abici,
595 2288 667 2365 quia
680 2289 720 2350 sit
733 2289 926 2351 miserandus
934 2288 1096 2365 ,amicum

167 2390 171 2393 ⁷
298 2371 448 2448 Quodque
464 2371 503 2432 sit
517 2372 635 2446 inlelix,
652 2373 793 2433 desinere
809 2388 880 2434 esse
896 2380 989 2436 tuum

257 2455 360 2519 Mitius
375 2463 422 2517 est
437 2456 523 2517 lasso
536 2455 660 2533 digitum
676 2471 852 2540 supponere
866 2465 977 2531 mento,

209 2538 245 2592 4⁰
298 2540 437 2617 Mengere
451 2554 543 2615 ouum
554 2539 679 2617 liquidis
694 2555 749 2602 ora
763 2541 894 2602 natantis
908 2541 1011 2617 acuis
1091 2536 1093 2542 ⁴

257 2624 368 2700 Cerne,
386 2623 459 2700 quid
474 2624 626 2684 Aeacides
644 2632 857 2700 postmortem
871 2632 1009 2701 pnaestet
1024 2623 1137 2685 amico:

297 2709 398 2770 lustur
412 2715 442 2769 et
456 2708 537 2769 hanc
549 2706 643 2768 adtem
657 2709 762 2769 mortis
776 2707 892 2769 habene
903 2714 986 2785 pute.

256 2788 420 2853 Pirithoum
435 2790 573 2853 Theseus
589 2790 714 2870 Stygias
729 2792 883 2854 comitavit
896 2793 935 2853 ad
950 2791 1069 2853 undas

295 2875 323 2933 Α
339 2874 446 2954 Stygia
461 2882 607 2973 quantum
621 2892 691 2936 sors
705 2890 774 2938 mea
786 2868 879 2937 distat
892 2881 992 2951 aqual

206 2967 241 3020 to
254 2956 383 3018 Adfuit
375 2974 483 3019 ansano
498 2960 618 3020 invenis
631 2958 772 3022 Phoceus
789 2960 930 3021 Orestae.

183 3049 184 3052 ’
297 3040 336 3101 Et
349 3056 418 3100 mea
431 3056 494 3103 uon
508 3043 664 3104 minimum
677 3047 769 3120 culpa
782 3044 896 3103 luroris
910 3042 1011 3102 habet.
1084 3044 1087 3051 ’

255 3124 298 3185 Tu
315 3139 440 3200 quoque
452 3136 630 3200 magnorum
646 3128 753 3188 laudes
768 3126 892 3188 admitte
907 3127 1051 3197 virorum,

297 3208 400 3283 thue
413 3207 506 3282 lacis,
522 3209 611 3284 lapso
632 3226 720 3285 quam
736 3217 842 3285 potes,
859 3208 936 3269 effer
949 3224 1053 3285 opem.
1072 3242 1075 3247 ·
1162 3270 1166 3277 ,

259 3288 293 3350 Si
306 3290 386 3352 bene
401 3299 431 3352 tc
444 3291 532 3366 novi,
548 3292 674 3369 siquod
692 3293 778 3367 prius
795 3292 1015 3367 emaculatus,

211 3378 246 3433 uo
298 3374 385 3436 Nunc
402 3390 526 3450 quoque
542 3389 593 3449 es,
610 3383 702 3449 atque
718 3374 808 3435 animi
823 3390 885 3435 non
903 3377 1043 3440 cecidere
1056 3373 1108 3446 tui,

205 3539 209 3548 ι
259 3453 325 3530 Quo
341 3458 464 3520 ledunc
478 3457 577 3532 magis
591 3457 705 3532 saevit,
722 3457 820 3532 magis
835 3459 904 3536 ipse
916 3459 1046 3532 resistis,
