2598 3812
152 160 213 227 ree
340 203 347 223 .
542 158 602 223 ex
626 156 772 245 poure

233 313 320 374 Hune
335 326 461 388 quoqne
475 310 658 373 omninibus
677 311 807 371 relerarn
820 309 954 374 tortasse
966 312 1158 391 triuntphnaa,

275 396 412 458 Sufficiet
427 396 541 457 nestris
556 395 583 455 si
597 393 690 454 mode
705 392 768 454 vite
779 392 878 469 malle,

191 488 225 544 65
236 479 376 541 tribuere
391 479 552 556 Scythicas
569 474 672 537 einen
686 476 773 552 priue
789 477 861 561 ipae
873 478 1010 554 sagittas,

275 563 505 636 Abstuleritque
519 561 606 619 lerux
619 559 680 620 hoo
694 567 785 635 ceput
798 558 874 624 enee
888 561 990 624 Getes.

231 647 314 722 Quae
329 647 355 707 si
368 661 417 705 me
432 647 519 706 salve
534 641 654 703 debitur
668 649 720 704 tua
733 645 840 706 luiueu
851 644 980 722 templis,
1079 692 1083 698 ,

275 729 380 791 Omine
394 728 444 789 bis
458 726 545 787 dices
559 740 635 787 vera
647 726 746 788 luisse
759 728 838 790 mea

552 868 755 880 ——n-n—

180 915 221 1008 2.
278 942 590 1006 uussnnniuo.

232 1030 289 1125 lile
303 1063 412 1122 domus
426 1058 550 1125 ve'suee
562 1060 670 1137 primic
682 1068 844 1124 veneratu
857 1062 897 1123 eb
911 1065 1010 1141 annia

274 1146 384 1206 Pulsus
398 1145 438 1205 ad
451 1142 563 1205 Euxini
575 1145 659 1207 Natu
674 1145 798 1206 sinistre
811 1145 887 1219 freti,

231 1228 320 1290 Mittit
334 1228 371 1288 ab
388 1228 544 1290 indomitis
558 1229 646 1303 hano,
664 1228 851 1303 Messalline,
871 1230 1015 1306 salutern

275 1312 369 1388 Quam
385 1312 494 1373 solitus
511 1327 659 1387 praesens
675 1319 721 1372 eet
737 1311 790 1372 tibi
805 1313 893 1387 terre,
915 1313 1011 1376 Getis.

206 1396 268 1460 5Ei
283 1396 369 1455 mihil
393 1396 468 1471 qiud
482 1396 561 1456 lecto
577 1397 680 1461 vultus
693 1394 747 1456 tibi
761 1395 884 1461 nornine
897 1412 960 1457 nen
973 1404 1023 1460 eet

275 1479 331 1554 Qui
344 1479 407 1555 liiii,
427 1485 458 1540 et
470 1479 593 1541 dubitus
609 1486 710 1540 cetera
723 1481 902 1555 perlegeret
978 1476 981 1483 ’

233 1563 367 1638 Perlege,
389 1579 447 1624 neo
460 1578 578 1624 mecum
594 1564 706 1639 pariter
720 1562 899 1625 meuverba
910 1563 1030 1642 relegata

272 1646 355 1709 Urbe
369 1647 439 1710 lieet
451 1652 555 1709 vestra
568 1646 713 1709 versibus
726 1661 799 1709 esse
813 1646 901 1707 meis.

232 1731 299 1792 Nou
314 1746 372 1807 ege
388 1733 524 1808 concepi,
544 1731 571 1791 sl
585 1729 689 1792 Pelion
705 1728 784 1793 Ossa
798 1729 928 1808 adiuuet,

193 1824 227 1877 ιο
277 1815 364 1875 Clara
377 1829 446 1875 mea
458 1813 540 1890 tangi
556 1812 659 1876 sidera
674 1828 769 1889 pesse
782 1829 885 1874 manu

233 1898 295 1959 Neo
309 1915 367 1961 nos
381 1898 527 1959 Enceladi
542 1897 696 1957 dementia
709 1903 812 1957 castra
825 1897 922 1961 secuti

273 1983 308 2042 ln
321 1997 422 2042 rerum
437 1981 579 2043 domines
592 1979 747 2041 movimus
760 1995 844 2040 erma
858 1979 947 2044 dece.

234 2064 306 2138 Neo,
327 2064 411 2138 quod
424 2065 564 2141 Tydidae
575 2063 735 2123 temerarie
750 2063 877 2136 dextere
890 2064 971 2139 iecit,

275 2147 405 2207 Numina
418 2154 489 2208 eunt
501 2146 572 2208 telie
586 2148 649 2207 nlla
662 2146 757 2222 petite
770 2147 858 2208 meis.

192 2237 224 2289 15
235 2230 290 2291 Est
303 2246 374 2290 mee
387 2230 477 2305 eulpa
489 2229 603 2305 gravis,
626 2230 683 2290 sed
697 2245 780 2306 quae
790 2245 840 2291 me
854 2230 985 2307 perdere
999 2231 1097 2294 solun
1179 2286 1182 2289 .
1244 2278 1251 2290 .

273 2313 361 2373 Ausa
375 2313 422 2389 sit,
442 2319 472 2373 et
485 2313 600 2374 nullum
614 2314 713 2376 maius
729 2315 838 2377 adorta
851 2315 949 2375 netas.

165 2406 169 2439 ¹
232 2395 279 2455 Nil
293 2395 352 2455 nisi
367 2412 429 2457 non
444 2395 571 2472 sapiens
586 2412 713 2473 pessum
727 2396 914 2473 timidusque
927 2398 1047 2461 vecari:

272 2479 358 2543 Haeo
370 2479 432 2541 duo
448 2488 519 2542 sunt
532 2481 623 2542 animi
638 2483 849 2543 nominavere
862 2480 931 2542 mei.
1032 2545 1040 2560 ‚

232 2563 312 2624 Esse
327 2563 450 2639 quidem
464 2564 560 2625 fateor
573 2564 707 2625 meritam
722 2571 793 2642 post
808 2565 948 2626 Caesarie
961 2566 1036 2627 iram

182 2655 219 2707 20
274 2647 433 2708 Difficilem
447 2647 592 2724 precibus
605 2655 635 2709 te
650 2664 775 2724 quoque
788 2647 855 2708 iare
869 2650 956 2709 meis·

233 2730 378 2806 Quaeque
391 2738 444 2793 tua
457 2739 506 2794 est
519 2732 618 2809 pietas
632 2732 664 2793 in
678 2739 774 2794 totum
788 2747 899 2793 nemen
912 2731 979 2804 Iuli,

272 2815 316 2874 'l’e
329 2815 417 2890 laedi,
440 2830 509 2876 oum
522 2817 594 2892 quis
609 2816 740 2878 laeditur
751 2816 831 2890 inde,
852 2823 953 2891 putes·

234 2895 297 2956 Sed
310 2897 381 2958 licet
394 2914 479 2959 erma
492 2902 573 2960 teras
587 2906 617 2960 et
629 2901 757 2960 vulnere
770 2914 866 2960 saeva
879 2897 1013 2971 mineris,

258 2980 339 3041 -Non
352 2987 454 3042 tamen
470 2983 596 3059 efficies,
618 2990 655 3059 ut
663 2984 788 3043 timeare
802 2981 884 3042 mihi.

182 3070 216 3124 25
230 3062 346 3138 Puppis
360 3062 607 3127 Achaemeniden
623 3066 744 3127 Graium
757 3066 888 3125 Troiana
900 3065 1031 3140 recepit:

273 3145 389 3208 Proluit
402 3156 432 3206 et
444 3147 536 3225 Myso
549 3149 648 3209 Peliae
662 3146 752 3210 hesta
766 3147 845 3209 duel.

231 3227 373 3305 Confugit
386 3230 533 3293 interdum
548 3232 651 3306 templi
664 3232 795 3293 violator
802 3228 849 3295 ‚ad
862 3244 956 3306 uam,

270 3313 333 3381 Nec
346 3320 451 3388 petere
465 3312 574 3378 utiensi
589 3314 721 3375 numinis
735 3313 838 3374 horret
851 3328 954 3390 opem.

230 3394 347 3457 Dixerit
360 3396 545 3481 hootaliquis
558 3404 652 3458 tutum
666 3412 729 3457 nun
743 3411 824 3458 esse.
856 3398 994 3461 letemur.
