2598 3812
62 136 69 159 ‘
172 157 237 224 ine
440 164 444 173 ’
509 156 796 227 ·,ΕΧΡοΝτο

202 311 246 406 4.
301 342 454 406 ononi

256 441 323 539 lam
337 477 410 538 mihi
424 478 556 541 deterior
569 477 654 538 canis
668 477 838 553 aspergitur
851 483 951 538 oetns=

297 563 422 638 lamque
434 578 522 624 meos
535 561 637 623 vultus
651 576 729 636 ruga
742 561 847 621 senilis
862 567 943 621 arat:

255 647 318 707 lam
332 647 420 722 vigor
433 653 464 707 et
478 660 593 720 quasso
606 642 794 719 languentia
807 659 938 719 corpore
952 641 1047 705 viresr

296 730 367 804 Nec,
391 729 493 789 iuveni
506 730 592 789 lusus
607 728 659 803 qui
673 730 826 804 placuere,
847 728 959 789 iuvant.

225 813 325 888 silea
345 814 374 873 si
387 827 436 872 me
451 812 550 873 subito
566 812 681 887 videas,
704 827 873 886 agnoscere
885 810 1006 887 possim

295 895 411 956 Aetatis
427 895 508 956 iacta
520 902 568 956 est
580 902 663 959 tauta
675 895 764 957 ruine
777 910 873 955 meaa.

255 980 408 1042 Confiteor
420 980 522 1039 lacere
535 979 595 1040 hoc
609 995 716 1040 annos.
747 978 804 1039 sed
818 979 956 1039 etaltera
970 984 1134 1053 causaest,

294 1062 441 1125 Anxietas
456 1063 547 1123 animi
561 1062 783 1138 canonumque
796 1061 893 1123 labor.
938 1084 940 1093 ,
1044 1074 1047 1083 ’

142 1158 144 1163 ’
254 1146 329 1206 llam
344 1161 412 1206 mea
427 1161 482 1222 per
494 1146 606 1222 longos
622 1145 732 1220 siquis
745 1146 826 1206 mela
839 1146 958 1220 digerat
969 1162 1077 1221 annos,

149 1274 151 1277 ψ
213 1240 248 1295 10
300 1228 396 1290 Crede
410 1228 492 1304 milri,
512 1229 599 1309 Pylio
614 1229 742 1290 Nestore
754 1229 852 1289 maior
865 1245 929 1290 ero.

255 1312 359 1375 Cernis
374 1319 407 1375 ut
419 1314 451 1375 in
466 1312 590 1375 duris...
605 1320 635 1374 el
647 1311 722 1388 quid
735 1312 817 1373 bove
829 1312 1002 1373 ilrmiust...
1014 1313 1099 1375 arvis

283 1395 397 1465 ,Fortia
409 1403 564 1459 taurorum
577 1411 709 1473 corpora
723 1396 840 1472 irangm
855 1411 944 1472 opus.

253 1479 337 1556 Quae
351 1495 515 1556 numquam
531 1495 629 1542 vacuo
644 1480 737 1542 solita
748 1487 797 1540 est
808 1495 933 1541 cessare
946 1480 1058 1556 novali,

293 1563 453 1627 Fructibus
467 1564 603 1625 assiduis
617 1564 702 1625 lassa
715 1563 850 1625 senescit
862 1562 983 1625 numus.

211 1656 246 1710 lt
258 1645 391 1722 Occidet,
408 1647 449 1711 ad
463 1648 535 1709 circi
548 1647 646 1724 siquis
661 1647 825 1709 certamine
837 1662 960 1724 semper

293 1732 361 1792 Non
374 1730 554 1793 intermissis
569 1730 710 1793 cursibus
724 1730 779 1792 ibit
791 1747 900 1807 equus·

250 1813 352 1875 Firma
362 1816 403 1876 sit
415 1815 467 1875 illa
479 1816 559 1890 licet,
580 1816 716 1877 solvetur
729 1815 761 1875 in
774 1828 909 1889 aequore
921 1813 1020 1889 navis,

294 1898 377 1972 Quae
391 1915 555 1973 numquam
567 1898 693 1975 liquidis
707 1897 793 1966 sicca¹
803 1896 918 1959 carebit
931 1897 1030 1977 equs,

250 1980 301 2043 Me
316 1996 440 2057 quoque
454 1981 589 2047 debilitat
602 1981 699 2043 series
713 1981 851 2042 inmensa
862 1982 1020 2057 malorum,

209 2076 247 2130 lu
296 2065 376 2124 Ante
390 2081 491 2125 meum
500 2072 627 2140 tempus
638 2065 721 2140 cogit
734 2071 765 2125 et
777 2080 850 2127 esse
864 2080 979 2125 senem.
1093 2112 1097 2119 ,

253 2145 320 2213 Otia
333 2163 448 2223 cerpus
463 2149 554 2223 alunt,
577 2148 695 2209 animus
710 2163 835 2225 quoque
848 2147 985 2224 pascitur
997 2147 1073 2210 illisa
1127 2179 1129 2186 ι

292 2230 468 2299 Inmodicus
483 2238 589 2292 contra
603 2231 700 2307 carpit
712 2237 872 2308 utrumque
886 2232 982 2292 labor.
1052 2262 1054 2267 ,

250 2314 375 2389 Aspice,
395 2315 426 2373 in
440 2314 497 2374 has
511 2315 607 2390 partis
623 2315 706 2390 quod
720 2316 838 2376 venerit
850 2316 976 2376 Aesone
989 2323 1092 2392 uatus,

294 2398 390 2471 Quam
402 2397 525 2461 laudem
539 2415 559 2459 a
572 2414 643 2459 sera
656 2399 834 2473 posteritate
847 2399 934 2459 ierat
1011 2402 1014 2407 ‘

208 2480 393 2544 metiebar
406 2481 487 2542 illius
501 2488 607 2543 nostro
622 2482 780 2557 leviorque
792 2483 952 2557 minorque
966 2488 1023 2556 est

242 2612 245 2619 ,
292 2562 325 2625 Si
339 2565 432 2626 modo
446 2581 509 2627 non
521 2578 628 2626 verum
641 2566 765 2627 nomina
777 2581 887 2642 magna
901 2571 1051 2641 premunt

249 2646 304 2707 ille
317 2649 409 2717 estin
422 2648 549 2710 Pontum
562 2648 646 2710 Pelia
659 2649 794 2711 mittente
806 2650 970 2724 proiectus,

222 2776 225 2783 .
293 2731 349 2805 Qui
363 2733 416 2792 vix
428 2732 605 2795 ,Thessaliae
618 2733 683 2794 fine*
693 2732 845 2794 timendus
854 2739 936 2794 'erata

159 2816 163 2826 '
250 2813 390 2875 Caesaris
404 2816 450 2877 ira
463 2817 536 2877 mihi
549 2817 662 2891 nocuit,
685 2825 776 2891 quem
791 2816 867 2877 solis
881 2817 920 2876 ab
935 2821 1006 2877 ortu

207 2906 244 2963 dd
295 2894 377 2957 Solis
392 2899 432 2958 ad
448 2916 579 2961 occasus
594 2907 723 2976 utraque
736 2908 817 2962 terra
829 2899 938 2961 tremit
1047 2947 1054 2971 ,f

248 2979 382 3042 iunctior
394 2981 563 3044 Haemonio
577 2990 625 3045 est
637 2983 745 3059 Ponto,
765 2992 857 3061 quarn
870 2985 977 3058 Roma,
996 2980 1129 3056 sinistro,

290 3064 328 3126 Et
341 3064 475 3139 brevius,
500 3083 592 3141 quam
606 3084 674 3139 nos,
695 3068 747 3127 ille
760 3066 879 3143 peregit
891 3068 957 3127 iter.
1055 3090 1057 3095 ·

168 3168 171 3175 ·
248 3146 303 3208 Ille
316 3148 421 3208 habuit
434 3149 561 3210 comites
576 3151 692 3224 primos
706 3150 822 3211 telluris
836 3149 990 3210 Achivaea
1042 3174 1044 3179 ·

290 3236 331 3291 At
345 3239 480 3293 nostram
494 3234 596 3293 cuncti
611 3232 776 3293 destituere
786 3234 902 3306 lugam.

206 3318 242 3375 dt
251 3311 315 3375 Nos
329 3314 428 3390 fragili
442 3315 523 3391 ligno
540 3322 660 3376 vastum
675 3315 859 3375 sulcavimus
874 3329 1007 3390 aequori

290 3396 376 3472 Quae
389 3399 456 3462 tulit
467 3398 655 3476 Aesoniden,
676 3411 766 3461 sacra
778 3398 882 3465 carina
894 3397 961 3463 luit
