2602 3816
477 207 528 280 rv,
553 203 602 279 13,
620 202 755 281 m-m
771 203 822 268 47.
919 175 927 196 “
1096 207 1156 273 atr

230 357 263 418 In
278 356 395 419 medias
409 357 527 435 syrtes,
549 357 682 419 mediam
695 372 763 419 mea
776 358 845 421 vela
859 357 1033 436 Charybdin
1091 376 1094 383 ·

186 451 220 503 10
269 440 382 517 Mittite,
404 442 556 517 praesenti
567 443 642 503 ,dnm
656 453 814 507 careamus
829 441 931 505 humo.

229 523 307 602 Styx
319 541 451 601 quoque,
467 525 631 599 siquiden
643 532 700 599 est,
714 525 793 587 bene
802 525 1033 591 commutabitur
1041 526 1152 603 Histro,

268 608 377 684 Siquid
391 617 421 670 et
434 609 568 681 interius,
587 624 679 682 quam
694 607 799 684 styga,
821 610 952 673 mundus
964 610 1066 675 habet.

230 691 371 775 Gramina
385 694 482 753 cultas
494 707 577 767 aper,
600 692 808 775 frigusminus
824 693 888 755 odit
900 694 1040 769 huonon,
1149 711 1153 733 ⁴

270 775 410 837 Proxima
422 775 588 837 Marticolis
603 791 694 850 quam
711 777 874 837 localtlaso
890 778 984 838 Getis.
1018 808 1022 817 ι
1059 823 1063 831 .

182 866 217 920 15
228 857 311 918 Talia
325 867 508 920 succensent
520 865 646 935 propter
658 859 730 921 milri
744 860 839 921 verba
853 860 997 935 Tomitae,
1013 902 1015 909 ›

269 942 378 1018 Iraque
395 942 577 1004 carminibus
592 941 714 1018 publica
724 951 809 1005 mota
822 945 910 1007 mais,

228 1024 307 1100 Ergo
323 1041 380 1100 ego
395 1027 525 1087 cessabo
541 1040 705 1100 numquam
720 1041 776 1100 per
790 1028 924 1091 carmina
934 1028 1026 1104 laedi,

267 1108 384 1171 Plectar
396 1117 427 1170 et
438 1111 560 1171 incauto
575 1124 697 1184 semper
712 1109 750 1171 ab
764 1110 906 1184 ingenlot
1000 1168 1002 1175 ,

227 1190 308 1266 Ergo
323 1207 390 1268 ego,
412 1208 452 1254 ne
465 1193 606 1266 scribam,
629 1192 741 1267 digitos
756 1193 891 1257 incidere
905 1202 1042 1270 cunctor,
1076 1232 1078 1241 ι

182 1279 218 1331 20
267 1274 401 1351 Telaque
414 1277 665 1350 adhuodernens,
688 1291 767 1350 quae
781 1291 921 1354 nocuere,
944 1286 1080 1356 sequent

229 1358 278 1419 Ad
291 1365 410 1442 vetares
423 1362 571 1436 scopulos
585 1361 692 1421 iterum
706 1360 848 1421 devertor
861 1366 891 1422 et
904 1361 983 1439 illas,
1045 1402 1054 1424 ,
1118 1420 1123 1427 .

267 1442 300 1503 In
314 1444 425 1518 quibus
439 1443 567 1505 offendit
580 1443 729 1517 naufraga
740 1444 864 1519 puppis,
884 1452 1004 1520 aquasl
1072 1505 1075 1510 .

229 1524 378 1586 Sedmihil
393 1527 511 1589 admisi.
541 1529 623 1588 nulla
636 1533 766 1590 estmoe
780 1529 880 1603 culpa,
900 1527 1044 1604 Tomitas,

268 1608 350 1682 Quos
365 1625 432 1685 ego,
455 1626 522 1670 cum
535 1610 604 1669 loca
618 1610 676 1670 sim
690 1616 793 1670 vestra
807 1626 950 1686 perosus
972 1628 1050 1673 amo.

182 1696 217 1749 aa
228 1691 356 1766 Quilibet
369 1694 501 1754 excutiat
513 1693 609 1755 nostri
624 1694 807 1757 monimenta
820 1694 950 1757 laboris=

264 1775 376 1837 Littera
390 1778 431 1837 de'
442 1777 531 1838 vobis
545 1783 594 1838 est
606 1793 675 1836 mea
690 1784 798 1852 questa
811 1777 895 1837 nihil.

224 1857 331 1934 Frigus
346 1867 377 1920 et
389 1861 529 1923 incursus
545 1861 626 1923 omni
643 1860 682 1920 de
695 1868 780 1936 parte
794 1861 947 1925 timendos

264 1943 302 2003 Et
315 1944 399 2018 quod
412 1946 550 2019 pulsetur
563 1961 667 2005 murus
682 1945 721 2004 ab
735 1944 834 2020 hoste,
855 1958 975 2020 queror.

226 2025 260 2086 In
276 2027 353 2103 loca,
371 2042 434 2088 non
448 2027 596 2102 homines,
618 2027 779 2091 verissima
792 2028 916 2091 crimina
928 2028 1003 2091 dixi.

181 2109 217 2164 30
268 2109 402 2186 culpatis
416 2120 551 2174 vestram
564 2128 622 2174 vos
638 2126 761 2188 quoquc
774 2128 868 2188 saepe
884 2115 991 2177 solum.

225 2193 316 2255 Esset
329 2203 476 2270 perpetuo
491 2212 549 2256 sua
563 2212 654 2271 quarn
667 2194 799 2259 vitabilis
811 2197 919 2270 Ascra,

248 2342 251 2355 ,
265 2281 352 2340 Ausa
367 2286 415 2339 est
428 2280 580 2353 agricolae
594 2279 684 2341 Musa
698 2280 810 2345 docere
823 2281 917 2343 senis.

225 2362 266 2423 At
278 2363 376 2423 iuerat
388 2369 468 2423 terra
481 2363 610 2438 genitus,
634 2364 685 2438 qui
700 2363 831 2440 scripsit,
854 2364 884 2425 in
899 2364 964 2425 illas
1066 2415 1069 2419 .

266 2446 406 2507 Intumuit
419 2447 481 2507 vati
495 2461 552 2509 nec
566 2453 667 2509 temon
679 2447 781 2509 Ascra
796 2464 863 2510 suo.

181 2535 215 2590 35
228 2527 300 2602 Quis
315 2529 442 2604 patriam
454 2527 577 2591 sollerte
591 2530 688 2604 magis
703 2530 808 2593 dilexit
821 2531 931 2591 Ulixei

266 2612 332 2674 Hoc
344 2620 443 2675 maten
459 2613 608 2688 asperitas
623 2613 725 2675 indice
738 2621 812 2675 nota
826 2614 886 2674 loci
900 2620 957 2673 est.

225 2696 291 2758 Non
305 2700 382 2771 loca,
403 2697 460 2757 sed
473 2712 574 2759 mores
585 2697 710 2772 scriptis
725 2696 848 2759 vexavit
861 2696 973 2757 amaris

267 2779 412 2857 Scepsius
425 2780 593 2855 Ausonios,
614 2787 743 2854 actaque
756 2780 854 2839 Roma
868 2795 921 2839 ren
935 2787 994 2841 est.

225 2861 425 2926 Falsatamen
442 2879 536 2938 passa
550 2870 597 2924 est
609 2879 709 2938 aequa
724 2861 864 2922 convicia
876 2869 986 2938 mente,

181 2949 217 3004 lo
267 2946 367 3008 Obruit
382 2946 498 3009 auctori
513 2961 570 3005 neo
584 2946 649 3006 iera
663 2946 848 3025 linguosus.

224 3033 266 3092 At
278 3033 376 3092 malus
389 3033 538 3105 interpres
553 3028 657 3104 populi
671 3028 743 3089 mihi
758 3031 889 3091 concitat
902 3031 988 3104 uam,

265 3114 360 3190 Inque
375 3130 487 3177 novmn
501 3113 614 3174 crimen
630 3112 765 3173 carnum
781 3121 888 3175 nostra
900 3119 1000 3175 vocat.

224 3198 295 3258 Tam
309 3199 383 3258 felix
397 3200 519 3273 utinam,
542 3193 631 3271 qriam
647 3202 772 3270 pectore
784 3188 944 3270 madidus,
967 3202 1083 3257 esseni!

263 3280 353 3341 Extat
365 3282 465 3342 adhuc
477 3296 567 3342 nemo
582 3279 706 3341 saucius
722 3288 775 3341 ore
789 3287 858 3341 meo

179 3371 215 3427 lo
225 3361 325 3437 Adde,
347 3365 429 3439 qnod
443 3365 565 3441 Illyrica
579 3365 606 3425 si
620 3364 680 3423 iarn
693 3365 765 3440 pice
777 3364 891 3439 nigrior
904 3376 1015 3438 essem,

265 3446 331 3506 Non
345 3448 513 3508 mordenda
525 3448 598 3509 rnilri
611 3447 699 3508 turba
712 3447 811 3508 fidelis
827 3452 900 3505 erat

225 3528 355 3591 Molliter
367 3545 388 3589 n
400 3530 490 3591 vobis
503 3546 572 3591 maa
585 3545 655 3592 sors
669 3538 816 3608 excepta,
828 3528 973 3603 Tomitae,
1062 3582 1066 3589 .
