2602 3816
204 187 267 254 Μ
572 186 835 251 ttastoltuttl

278 308 282 317 f
325 340 494 404 credebant
513 339 610 403 nostri
622 338 727 402 tollere
740 356 835 416 posse
850 355 952 402 senes.

288 426 414 487 Graecia
427 424 714 502 principiummorls
728 423 792 487 mit
810 424 877 499 ¹illa
890 423 1029 488 nocentis

207 523 209 531 ·
326 509 421 586 Impia
434 511 575 570 lustratos
590 522 705 584 ponere
719 508 797 567 lacta
810 514 904 583 putat.

285 593 450 654 Actoriden
464 592 702 666 Pereuarpsum
719 591 943 665 quoquePolca
955 590 1050 653 Phoci
1086 636 1088 643 .
1179 616 1186 632 ι

235 685 270 739 to
326 676 426 736 Caede
441 693 496 751 per
508 674 691 736 Haemonias
706 675 797 736 solvit
810 676 942 736 Acastus
956 690 1065 751 aquus,

284 761 412 820 Vectam
426 759 550 818 frenatis
565 749 723 833 perinane
742 757 926 820 draconibus
938 760 1065 836 Aegeos

326 843 473 903 credulus
488 842 625 921 inmerito
637 840 769 901 Phasida
782 841 858 901 iuvit
875 858 945 918 ope.

283 925 537 1001 Amphiareiades
551 925 727 999 Naupactoo
741 924 879 985 Acheloo
952 958 955 963 ·
983 938 985 943 ·

325 1009 430 1069 ‘Solve
443 1009 542 1068 nelas'
557 1008 641 1068 dixit
675 1008 811 1068 saltitat
831 1008 882 1070 illa
895 1009 992 1071 nolas

232 1101 267 1155 45
281 1093 323 1152 At
345 1092 468 1151 nimium
482 1092 601 1164 faciles,
614 1091 668 1166 qui
679 1090 777 1151 tristia
790 1091 915 1153 crimina
925 1091 1035 1154 caedis

322 1173 476 1247 Flumineo
491 1175 555 1235 tolli
571 1188 666 1251 posse
679 1174 792 1250 putetis
807 1182 903 1249 aqua!

284 1257 346 1320 Sed
359 1266 489 1318 tamen..
510 1258 624 1334 antiqui
639 1274 679 1317 nc
693 1257 816 1319 nescius
830 1258 945 1319 ordinis
966 1274 1083 1320 arros...
1146 1280 1148 1284 ³

320 1340 449 1414 Primus,
471 1349 581 1417 otest,
603 1341 666 1402 lani
679 1341 794 1402 mensis
806 1349 839 1403 ct
851 1349 920 1403 ante
935 1342 999 1403 luit.

283 1424 339 1498 Qui
355 1425 492 1499 sequitur
505 1426 625 1497 lanum,
641 1426 752 1486 veteris
767 1425 822 1485 luit
838 1425 959 1487 ultimus
974 1425 1081 1487 annlz*

202 1566 207 1578 ,
235 1517 270 1571 50
323 1508 366 1567 Tu
382 1523 506 1584 quoque
521 1524 693 1583 sacrurum,
714 1509 867 1584 Termino,
882 1509 953 1570 linis
967 1525 1046 1570 eras.

282 1592 396 1652 Primus
411 1592 492 1652 onim
505 1592 568 1653 Iani
582 1592 711 1669 mensio,
733 1593 908 1668 quiaiaaaa
922 1591 1019 1668 prima
1030 1600 1088 1655 eol.

323 1674 378 1749 Qui
393 1688 482 1736 sacer
495 1683 543 1736 est
556 1677 625 1736 imis
639 1676 792 1749 manibus,
814 1677 897 1737 imus,
906 1683 980 1737 orat
1018 1724 1020 1729 ,

281 1757 447 1821 Postmodo
460 1760 622 1820 mudantur
636 1760 735 1834 spatio
751 1759 895 1821 distantia
910 1759 1002 1836 longo

321 1842 470 1919 Tempora
483 1843 532 1904 bis
547 1843 631 1920 quini
645 1844 840 1905 continuasse
854 1842 921 1903 viri.
1078 1848 1081 1857 '

536 2025 567 2090 1.
597 2025 691 2088 Η·Κ·
705 2025 856 2087 Falari-
929 2064 933 2071 -

230 2188 264 2240 55
276 2177 426 2254 Principia
440 2179 555 2239 mansis
568 2177 718 2254 Phrygiae
733 2177 917 2239 contermina
930 2177 1018 2241 Matri

207 2280 210 2290 ¹
322 2261 447 2337 Sospita
461 2261 596 2322 delubris
612 2262 721 2322 dicitnr
733 2268 823 2323 aucta
840 2261 941 2322 novis.

280 2344 375 2405 ‘Nunc
390 2345 443 2405 ubi
456 2353 539 2417 sunt,
556 2345 614 2406 illis
630 2358 710 2420 quae
724 2352 795 2405 sunt
807 2352 929 2405 sacrata
941 2343 1088 2406 Kalendis

318 2428 445 2504 Templa
458 2430 572 2489 dcact’,
594 2428 688 2503 longa
702 2427 890 2504 procubuere
905 2429 967 2488 die.-
1100 2454 1104 2465 ·

279 2512 386 2573 Cetera
398 2529 437 2572 ne
451 2512 541 2572 simili
556 2514 701 2572 caderent
715 2512 865 2572 labefacta
876 2513 984 2589 racina,

230 2604 264 2658 60
317 2595 402 2656 Cavit
415 2598 525 2657 sacrati
539 2596 672 2672 provida
685 2612 758 2656 cara
772 2595 868 2669 ducis,

279 2678 343 2753 Sub
363 2692 423 2754 quo
438 2680 575 2740 delubris
588 2680 716 2741 sennar
734 2682 817 2740 nmta
827 2688 987 2741 sensuam

317 2762 380 2822 Nec
394 2764 468 2824 satis
484 2771 533 2824 est
545 2764 701 2837 homines,
724 2763 838 2838 obligat
853 2764 903 2826 ille
922 2764 1008 2822 deos.
1109 2797 1112 2801 >

276 2843 468 2920 Templorum
481 2850 613 2923 positor,
634 2847 816 2921 templorum
829 2856 933 2908 sancte
946 2851 1096 2920 repostor,

205 2972 209 2979 .
316 2928 362 2989 Sit
375 2932 510 3005 superis,
532 2939 621 3007 opto,
642 2930 746 2991 mutua
762 2931 899 2992 curatui

228 3019 262 3075 65
276 3012 354 3080 Dent
367 3012 420 3071 tibi
435 3015 599 3087 caelestes,
620 3031 700 3089 quos
711 3022 745 3074 tn
757 3013 956 3086 caelestibus,
970 3024 1078 3087 annot,

317 3093 438 3170 Proque
452 3104 503 3156 tua
515 3105 657 3161 maneant
670 3098 702 3158 in
715 3098 846 3159 statim'c
860 3096 964 3158 dumo.
1022 3134 1029 3143 ν

277 3180 361 3242 Tunc
376 3195 499 3255 quoque
517 3181 609 3241 vicini
622 3183 709 3243 lucus
723 3180 895 3242 celebratur
907 3178 1028 3239 Halcrni

318 3261 387 3336 Qua
398 3263 479 3338 petit
487 3278 659 3339 aequoreas
674 3265 795 3324 advena
813 3261 944 3341 thyaris
959 3279 1065 3338 aquas.

276 3345 327 3404 Ad
342 3348 496 3421 penetrale
509 3347 639 3422 Numae,
655 3347 917 3423 Capitolinumque
928 3347 1103 3419 Tonantem,

228 3433 262 3488 to
314 3429 508 3518 loquelaris
527 3447 645 3493 sanatam
658 3428 795 3513 caeditur
807 3444 879 3492 arco
891 3430 1008 3492 bidens.
