2602 3816
178 224 242 291 aar
554 222 809 288 nusraanu
854 200 858 211 “

255 378 305 440 Μο
320 376 420 440 Chaos
435 376 579 457 antiqui...
591 390 662 435 nam
674 388 744 434 sum
759 388 810 457 res
824 375 957 450 prisca..
973 374 1140 437 vocabant.
1173 444 1177 453 .

297 462 427 540 Aspice,
441 477 535 539 quam
550 459 632 533 iungi
646 457 791 532 temporis
807 465 874 523 aeta
887 474 1005 520 canam
1019 518 1023 523 .

188 555 239 611 100
248 544 385 607 ‘Lucidus
399 544 449 605 hic
464 559 531 617 aer,
545 547 577 603 et
591 556 672 616 quae
683 541 742 601 tria
755 555 887 618 corpora
900 547 1023 618 restant,
1116 548 1122 555 ”

298 628 395 705 Ignis,
415 640 528 703 aquae,
543 627 648 700 tellus,
663 640 744 685 unus
758 639 888 685 acervus
900 633 974 687 erat
1093 644 1095 651 ¹

256 712 297 775 Ut
314 712 409 772 semel
422 711 499 770 haec
512 725 612 769 rerum
628 707 757 768 secessit
769 708 821 768 tite
835 722 969 785 suanum,

151 861 154 877 Ι
296 795 392 872 Inque
406 808 503 853 navas
522 791 594 851 abiit
604 807 708 852 massa
726 791 826 852 saluta
841 792 960 865 damas,
1151 850 1155 855 .

254 875 388 938 Flamma
401 878 475 952 petit
489 877 595 950 altum,
610 874 738 951 propior
746 875 834 936 iocus
847 880 921 935 aera
934 874 1029 952 copiti

186 970 238 1024 110
294 959 445 1022 Sederunt
457 959 558 1019 medio
572 965 653 1019 terra
667 958 838 1033 fretumque
852 960 931 1020 salu.

253 1042 337 1104 Tunc
351 1058 424 1118 ega,
441 1043 493 1120 qui
508 1044 623 1104 meram
639 1041 749 1117 globus
763 1050 793 1102 at
807 1041 873 1102 sina
887 1040 1020 1118 imagine
1032 1043 1143 1116 mules,
1230 1108 1232 1117 ,

295 1127 329 1186 ln
344 1126 451 1186 taciem
465 1126 542 1186 redii
557 1125 710 1202 dignaque
724 1124 858 1185 menbra
872 1126 942 1186 deo.

253 1209 338 1271 Nunc
354 1225 491 1287 quoquc,
505 1209 653 1269 confusae
665 1208 818 1285 quandam
831 1215 905 1269 ncta
918 1224 1016 1285 parua
1027 1210 1156 1286 figurae,

293 1294 373 1352 Ante
390 1293 473 1369 quod
485 1300 535 1354 est
547 1293 578 1352 in
591 1308 641 1352 mc
654 1299 801 1368 postque,
817 1291 939 1352 videtin
950 1292 1042 1353 idam.

184 1386 234 1440 110
248 1376 379 1453 Accipe,
396 1378 553 1452 quaesitae
566 1390 648 1454 quae
662 1389 757 1437 eausa
775 1375 816 1436 sit
828 1376 923 1436 altera
937 1376 1063 1450 formae,

294 1459 380 1520 Hanc
393 1460 482 1520 simui
493 1466 528 1521 ut
540 1456 624 1521 naris
639 1459 834 1536 officiumque
848 1474 959 1520 meum.
1016 1486 1025 1503 ·

254 1542 404 1622 Quicquid
417 1542 532 1621 ubique
545 1540 649 1617 vides,
668 1544 800 1617 careium,
822 1557 920 1617 ruera,
932 1540 1052 1620 nubila,
1065 1549 1178 1618 terrac,

295 1624 401 1687 Omnia
417 1635 488 1688 sunt
500 1633 606 1691 nostra
619 1628 724 1688 clausa
738 1632 903 1702 patentque
915 1641 1030 1697 manu,

252 1707 303 1771 010
317 1725 413 1786 penes
426 1718 582 1773 estunam
596 1710 675 1773 vasti
688 1709 831 1771 custodia
848 1709 964 1784 mundi,

184 1800 236 1856 110
288 1793 327 1854 Et
339 1793 388 1854 ius
402 1794 540 1856 vertendi
555 1793 687 1855 cardinis
703 1809 792 1853 omne
805 1807 907 1853 meum
922 1800 980 1855 est.

254 1875 328 1939 Cum
342 1876 426 1939 libauit
439 1877 549 1938 Pacem
563 1877 693 1959 placidis
707 1877 843 1939 enituere
856 1876 956 1950 tectis,
1073 1881 1080 1893 ‘

135 1978 141 1981 ·
293 1959 403 2021 Libera
416 1969 580 2038 perpetuus
592 1960 726 2022 amburat
738 1961 790 2020 iiia
804 1961 881 2021 vias.

254 2043 407 2120 Sanguine
420 2044 537 2105 letifera
551 2050 632 2106 tatus
645 2044 822 2104 miscebitur
837 2042 934 2119 oriris,

294 2126 330 2188 Ni
343 2134 464 2190 teneant
475 2128 592 2204 rigidae
605 2127 728 2190 condita
740 2128 820 2188 betia
834 2143 934 2191 serae.

186 2220 237 2274 110
248 2210 413 2272 Praesides
428 2211 544 2273 toribus
562 2211 640 2272 caeti
652 2227 721 2271 curn
737 2211 861 2275 mitibus
875 2212 982 2274 Horisa

295 2295 335 2367 lt,
350 2295 430 2355 redit
442 2295 546 2355 aiflcia
560 2295 694 2375 luppiter
708 2294 776 2372 ipse
788 2313 870 2359 areo.

253 2378 328 2439 Inde
341 2392 438 2439 vocor
449 2380 550 2442 lanus.
579 2377 633 2439 cnr
647 2396 715 2440 cum
731 2381 846 2441 Ceriale
856 2381 1009 2444 'sacemcs

294 2461 426 2538 imponit
439 2461 533 2523 libum
546 2463 688 2540 farraque
702 2464 796 2525 mixta
809 2465 883 2538 saie,

254 2545 382 2606 Nomina
393 2545 519 2607 ridebis.
547 2547 640 2608 modu
653 2563 786 2622 namque
798 2547 953 2612 Patulcius
966 2549 1047 2610 idem

184 2634 236 2691 100
288 2628 326 2689 Et
339 2629 431 2690 moda
446 2629 586 2691 sacrifica
600 2630 723 2692 Clusius
739 2647 914 2693 crevecor.

256 2708 377 2774 Scilicet
389 2714 505 2774 alterno
520 2714 615 2775 valuit
628 2714 714 2775 rudis
728 2714 780 2774 iiia
792 2723 931 2778 vetustae

295 2795 423 2857 Nomine
437 2797 577 2858 diversas
589 2796 762 2872 significare
775 2796 872 2860 vices.

238 2877 310 2938 vis
323 2894 392 2939 mea
405 2887 526 2941 narrata
541 2887 597 2941 eat.
610 2886 614 2893 ’
627 2895 751 2942 causam
764 2898 844 2945 nunc
857 2882 944 2942 disee
957 2881 1088 2957 figurae:
1162 2938 1167 2949 .

293 2961 357 3021 lam
369 2968 469 3023 tamen
483 2965 562 3025 hanc
576 2963 678 3040 aliqua
695 2973 729 3027 tu
742 2980 867 3041 quaqua
884 2970 969 3041 parte
982 2964 1081 3026 vides.

184 3052 234 3108 100
249 3043 351 3105 Omnis
365 3044 456 3106 habet
470 3047 622 3123 geminas,
638 3048 708 3109 hinc
721 3057 814 3123 atque
827 3049 912 3121 hinc,
927 3048 1019 3108 ianua
1035 3049 1150 3126 frontis,
1212 3129 1219 3139 .
1284 3025 1290 3053 ⁴

293 3127 319 3188 Ε
334 3128 443 3204 quibus
457 3130 534 3190 hacc
548 3133 695 3208 papulum
709 3136 841 3209 spectat,
856 3138 886 3191 at
898 3131 951 3190 iila
963 3132 1066 3193 larem.

252 3211 353 3289 thue
366 3212 479 3273 sedens
495 3214 582 3289 primi
595 3223 699 3276 vester
711 3229 810 3291 prope
822 3214 926 3274 iimina
937 3214 1009 3276 tecti

295 3295 407 3357 Ianitor
421 3310 565 3371 egressus
579 3299 778 3372 introitusque
793 3297 883 3372 videt

254 3376 305 3438 Sic
324 3393 381 3454 ego
395 3379 548 3456 perspicio
563 3381 703 3441 caelestis
717 3380 828 3440 ianitor
840 3382 929 3446 aulae

183 3465 235 3521 110
287 3460 369 3522 ans
383 3469 487 3538 partes
500 3462 724 3541 hesperiaeque
736 3465 836 3526 simut
