2598 3812
190 198 253 266 108
622 176 766 263 retnis

208 365 261 420 460
316 351 410 413 Cuius
426 351 464 413 ab
480 352 594 415 inleriis
610 353 705 419 culter
719 351 831 415 abesse
846 352 933 414 solet.

269 436 486 512 Attonitusque
500 453 605 510 seces,
620 445 654 498 ut
669 453 748 511 quos
764 436 907 512 Cybeleia
920 443 1016 497 mater
1114 462 1119 491 z

185 522 192 540 ¹
311 519 433 591 Incitat,
450 521 490 580 ad
503 520 655 600 Phrygios
670 520 743 580 villa
756 519 891 580 membra
903 521 1025 582 modos.

109 608 112 621 '
170 620 179 625 ·
269 603 377 677 Deque
391 603 458 663 viro
474 603 531 664 llas
546 618 603 663 nec
617 604 729 662 femina
742 618 799 662 nec
815 603 874 676 vir,
889 611 923 664 ut
935 605 1037 682 Attye,

309 686 348 746 Et
363 685 482 762 quatias
497 687 580 746 molli
595 694 741 765 tympana
754 701 849 746 rauca
863 702 963 746 manu·

205 767 258 835 etl
271 768 368 843 Inque
383 783 479 844 pecus
495 769 594 830 subito
610 770 740 843 Magnae
753 776 872 828 vertare
888 767 1031 844 parentis,
1095 780 1098 787 ’

308 852 416 912 Victor
429 858 461 911 ut
475 859 523 912 est
538 854 629 913 celeri
645 853 784 928 victaque
798 868 889 911 versa
903 852 994 927 pede

195 939 198 945 '
267 933 403 1008 Solaque
417 934 543 995 Limone
557 951 689 1011 poenam
703 949 743 994 ne
757 936 890 996 senserit
903 935 994 1010 illam,

306 1017 345 1078 Et
357 1024 410 1078 tua
424 1018 514 1078 dente
528 1019 592 1080 lero
612 1019 734 1078 viscera
748 1026 853 1094 carpat
865 1033 977 1091 equus.
1062 1044 1070 1050 ·

265 1099 328 1160 Aut
340 1108 373 1161 ut
388 1100 596 1177 Casandreus‚
613 1100 737 1161 domino
752 1117 814 1162 non
828 1101 929 1162 mitior
940 1101 1003 1177 illo,

204 1189 257 1247 460
313 1182 443 1244 Saucius
459 1184 578 1260 ingesta
589 1184 806 1246 contumuleris
820 1184 922 1245 humo.

265 1266 327 1326 Aut
340 1272 373 1326 ut
385 1266 589 1341 Abantiades,
605 1276 657 1329 aut
675 1274 709 1327 ut
724 1267 878 1343 Cygneius
892 1268 995 1342 heroe,

307 1349 436 1411 Clausus
451 1350 482 1410 in
496 1366 668 1427 aequoreas
683 1351 892 1426 praecipiteris
906 1366 1016 1429 aquus.

264 1432 396 1493 Victima
413 1434 461 1493 vel
474 1433 598 1495 Phoebo
614 1450 720 1495 sacras
734 1433 874 1494 macteris
889 1434 929 1493 ad
944 1449 1023 1507 arae,

304 1516 401 1590 Quam
414 1516 481 1578 tulit
495 1534 514 1577 a
528 1533 622 1578 saevo
637 1517 815 1578 Theudotus
829 1517 919 1578 hoste
932 1531 1048 1578 necem.

200 1614 252 1672 aas
265 1600 328 1659 Aut
343 1607 371 1660 te
386 1600 537 1661 devoveat
551 1602 641 1661 certis
655 1601 781 1662 Abdera
799 1600 918 1672 diebus,

309 1681 454 1759 Saxaque
468 1684 614 1746 devotum
628 1685 775 1760 grandine
790 1685 879 1759 plura
892 1688 1007 1759 petant
1023 1732 1030 1738 .

263 1766 327 1826 Aut
341 1766 424 1828 lovis
443 1768 545 1828 infesti
559 1769 621 1829 telo
636 1769 747 1843 feriare
759 1768 896 1840 trisuleo,

302 1850 342 1911 Ut
356 1855 442 1911 satus
456 1845 637 1927 Hipponoo,
652 1849 881 1925 Dosithoesque
895 1855 991 1924 pater.

262 1931 302 1994 Ut
314 1948 404 1993 soror
416 1935 591 2008 Autonoes,
607 1940 640 1993 ut
654 1932 702 1993 cui
716 1939 877 1993 matertera
889 1932 970 1993 Maia
983 1938 1045 1994 esti

200 2024 253 2083 sto
306 2015 346 2077 Ut
359 2022 472 2076 temere
487 2023 609 2093 optatos
626 2017 678 2091 qul
691 2015 771 2089 male
784 2016 862 2076 rexit
875 2030 991 2091 equosa

263 2097 303 2159 Ut
316 2099 399 2159 lenus
413 2100 578 2173 Aeolides,
593 2105 627 2166 ut
640 2099 788 2174 sanguine
802 2106 891 2159 natus
906 2098 1038 2173 eodem·

302 2181 368 2255 Quo
383 2181 484 2257 genita
497 2189 545 2243 est
559 2182 683 2257 liquidis
699 2197 778 2256 quae
793 2191 875 2243 caret
888 2184 999 2243 Arctos
1014 2181 1119 2256 aquis.

260 2263 301 2324 Ut
314 2264 441 2324 Macedo
456 2263 571 2341 rapidis
586 2265 646 2325 icta
659 2273 706 2326 est
720 2281 789 2325 curn
804 2266 935 2340 coniuge
949 2262 1089 2339 flammis,
1140 2296 1186 2311 -

303 2345 368 2420 Sic,
384 2363 508 2423 precor,
525 2347 649 2409 aetherii
666 2349 796 2409 vindicis
810 2349 880 2424 igne
895 2348 999 2408 cadas.

198 2433 250 2492 47⁵
262 2427 442 2506 Praedaque
457 2432 501 2491 sis
513 2430 589 2505 illis,
605 2433 717 2507 quibus
732 2438 780 2491 est
790 2432 918 2492 Latonia
930 2431 1025 2492 Delos

300 2515 381 2574 Ante
396 2514 476 2574 diem
489 2523 577 2590 rapto
593 2531 654 2575 non
669 2516 811 2576 adeunda
823 2515 940 2576 Tnasoz
1049 2523 1055 2595 j

260 2597 380 2672 Quique
392 2598 586 2659 verecundae
601 2599 810 2673 speculantem
823 2598 910 2658 labra
922 2596 1048 2670 Dianae,

297 2681 416 2758 Quique
431 2681 634 2757 Crotopiaden
650 2682 805 2757 diripuere
818 2682 935 2742 Linum.
1163 2684 1170 2691 '

259 2762 342 2824 Neve
356 2772 505 2826 venenato
521 2766 620 2824 levius
636 2766 754 2825 feriaris
769 2765 808 2825 ab
822 2779 930 2840 angue,

193 2844 246 2902 teo
299 2846 393 2920 Quam
412 2850 496 2909 senis
512 2847 620 2924 Oeagri
637 2848 851 2925 Calliopesque
868 2862 980 2908 nurusa

260 2927 354 3003 Quam
369 2947 446 3005 puer
459 2933 668 3010 Hypsipyles,
684 2949 775 3008 quam
791 2933 843 3008 qui
858 2947 935 2993 cava
948 2929 1064 3007 primus
1089 2936 1183 2993 acuta

300 3012 435 3091 Cuspide
449 3017 585 3090 suspecti
600 3016 714 3077 robora
726 3016 792 3076 lixit
806 3016 889 3090 equi.
980 3039 985 3045 ·

165 3148 171 3159 ,
257 3094 341 3155 Neve
351 3096 466 3171 gradus
482 3099 577 3159 adeas
592 3100 746 3175 Elpenore
761 3096 878 3159 cautius
894 3099 983 3172 altos,

297 3180 431 3254 Vimque
445 3181 526 3240 ieras
541 3183 618 3256 vini,
634 3191 697 3256 quo
712 3182 779 3242 tulit
792 3181 842 3239 ille
856 3181 959 3241 modo.
1049 3179 1183 3257 [cantem

193 3268 246 3326 485
257 3259 393 3340 Tamque
408 3263 502 3323 cadas
517 3264 665 3337 domitus,
689 3280 781 3337 quam
802 3263 944 3337 quisquis
963 3262 1005 3322 ad
1025 3274 1111 3325 ar‘nta
1124 3275 1182 3321 vo·
1247 3315 1250 3321 ,

141 3336 145 3365 “
299 3346 588 3407 luvitinhumanum
601 3346 820 3406 'l'hlodamanta
833 3346 975 3422 Dryopes

257 3427 352 3501 Quam
367 3428 450 3491 ierus
464 3429 534 3506 ipse
548 3444 606 3489 suo
619 3428 709 3505 periit
721 3433 868 3489 mactatus
882 3428 913 3487 in
928 3432 1017 3488 antro
