2598 3812
421 242 423 247 a
471 201 746 282 1,o,1-7,17.
879 157 882 162 ’
1065 207 1126 276 127

198 354 326 417 caroere
340 353 480 416 dicuntur
494 356 590 416 clausi
599 370 731 433 sperare
745 358 882 432 salutem,

126 506 130 512 p
235 440 338 515 Atque
352 439 462 515 aliquis
476 439 614 516 pendens
629 441 660 500 in
677 456 767 502 cruce
780 449 852 504 vota
866 443 947 502 iacit
1034 490 1039 499 .
1120 434 1126 446 “

68 542 78 559 ·
197 521 282 583 Haec
296 522 355 583 dea
369 539 460 597 quam
474 524 585 584 munos
599 523 710 600 laqueo
726 539 784 586 sua
797 526 877 585 oolla
888 525 1009 602 ligantis

148 613 185 668 40
237 606 305 666 Non
319 611 366 665 est
379 608 540 682 proposita
553 622 648 682 passa
661 608 761 682 perire
775 615 867 668 nocet
949 656 951 663 Α

198 689 248 749 Me
263 704 387 771 quoqne
400 697 561 750 conantem
573 689 676 764 gladio
690 691 778 751 finire
790 691 928 753 dolorem

234 772 358 847 Argunt,
379 773 490 833 iniecta
503 773 710 849 continuitque
723 790 823 848 manu,

200 853 365 930 <ortoque
376 857 486 917 ‘facist
500 855 632 916 lacrimis
641 863 783 932 opusest
794 874 855 918 non
863 857 1021 935 sanguine’
1029 856 1121 938 ¹diruit:
1179 882 1182 889 1

236 937 337 1014 Saepe
352 955 407 1014 per
420 939 477 1001 has
491 938 573 1000 flecti
589 939 734 1015 principis
747 940 795 1000 ira
808 942 930 1002 solet.’'
946 986 948 991 .
1064 1002 1067 1013 ,

148 1029 184 1083 to
198 1021 343 1095 Quamvis
356 1030 404 1082 est
417 1024 507 1097 igitur
519 1022 635 1083 meritis
649 1022 783 1083 indebita
796 1025 919 1099 nostrie,

235 1104 460 1181 Magnatamen
474 1121 549 1181 spes
564 1105 656 1166 estin
672 1106 806 1168 bonitate
821 1107 882 1168 dei.
904 1150 907 1159 .
966 1152 968 1161 .

198 1188 253 1267 Qui
267 1207 306 1253 ne
321 1190 453 1253 difficitis
467 1189 541 1250 mihi
554 1189 602 1263 sit,
623 1188 781 1266 Graecina,
804 1206 940 1267 precare,
1084 1262 1087 1267 ξ

237 1277 347 1338 Confer
361 1285 391 1338 et
404 1278 435 1337 in
448 1280 552 1337 votum
566 1281 600 1334 tu
613 1288 738 1349 quoque
753 1273 847 1333 verbn
862 1290 973 1347 meum.

197 1361 294 1436 Inque
306 1361 462 1421 Tomitana
475 1361 593 1420 iaceam
605 1358 769 1419 tumulatus
784 1373 888 1432 arena,

148 1454 185 1506 oo
238 1442 272 1503 Si
288 1450 318 1504 te
331 1460 393 1505 non
406 1444 496 1505 nobis
510 1444 570 1503 ista
583 1455 699 1505 vovere
712 1442 825 1516 liquet..

196 1527 272 1587 Nam
285 1527 370 1601 prius
384 1529 529 1603 incipient
541 1533 641 1588 turres
658 1525 755 1585 vitare
769 1525 939 1600 columbae,

236 1613 332 1670 Antra
345 1611 437 1686 ferae,
458 1609 595 1686 pecudes
609 1608 753 1684 gramina,
772 1625 894 1685 mergus
908 1625 1015 1685 aquas,

196 1693 293 1767 Quam
306 1695 386 1753 maie
400 1709 436 1754 se
450 1699 585 1769 praestet
598 1693 693 1753 veteri
709 1693 875 1756 Graecinus
887 1693 998 1754 amico.

236 1775 304 1837 Non
316 1777 359 1837 ita
372 1784 442 1838 sunt
454 1776 524 1838 ratis
538 1776 640 1837 omnia
653 1788 744 1837 versa
756 1776 843 1838 meis·

144 1960 187 2056 7.
238 1990 549 2055 nnssnnnnno.

201 2074 321 2192 Itinera*
332 2127 390 2187 pro
402 2110 506 2172 verbis
519 2110 582 2187 nbi,
603 2111 786 2184 Messeniae,
808 2111 936 2171 salutern

195 2264 199 2271 x
236 2195 332 2270 Quam
345 2194 432 2269 legis,
454 2195 589 2256 a‘saevis
603 2196 700 2257 attulit
712 2210 810 2270 usque
824 2194 917 2254 Getis.
929 2242 932 2249 .

196 2279 312 2339 Iudicat
329 2285 485 2346 auctorem
498 2272 607 2340 locust
627 2294 676 2353 an,
697 2278 756 2339 nisi
770 2278 891 2347 nornine
904 2277 993 2361 lecto,

236 2361 320 2423 Haec
334 2378 384 2423 rne
396 2362 550 2423 Nasonem
564 2362 698 2423 seribere
711 2362 806 2430 verba
819 2365 911 2422 latet?
995 2402 998 2407 -

170 2445 311 2521 ⁵quuis
326 2447 357 2505 in
373 2452 508 2507 extremo
523 2446 642 2520 positus
656 2446 736 2506 iacet
751 2444 825 2504 orbe
838 2451 968 2518 tuorum,

236 2529 286 2589 Me
298 2537 400 2590 tamen
414 2537 553 2604 excepto,
572 2529 634 2605 qni.
639 2544 749 2604 precor
762 2543 833 2589 esse
846 2530 938 2588 tuus?
966 2555 969 2569 ·

195 2612 233 2672 Di
248 2613 388 2689 procula
402 2612 528 2687 cunctis,
553 2613 604 2687 qui
618 2620 649 2673 te
662 2620 845 2675 venerantur
859 2617 1040 2685 amantque*

235 2696 333 2757 Huius
348 2696 484 2756 notitiam
497 2697 597 2771 gentis
612 2696 725 2757 habere
738 2695 841 2755 veiint

197 2780 261 2840 Nos
275 2781 350 2841 satis
365 2786 412 2841 est
425 2780 504 2840 inter
517 2781 645 2854 glaciem
660 2778 883 2855 Scythicasque
898 2776 1024 2851 sagittas

152 2871 187 2926 lo
239 2863 363 2925 Vivere.
396 2863 423 2923 si
436 2863 502 2924 vita
515 2870 564 2923 est
577 2862 682 2925 mortis
696 2861 839 2922 habenda
850 2876 957 2936 genus.

196 2947 260 3007 Nos
273 2954 392 3023 premat
405 2953 456 3007 aut
468 2945 550 3007 bello
564 2947 664 3020 telino,
683 2953 736 3007 aut
749 2944 862 3020 frigore
876 2945 1004 3016 caelum,
1029 2998 1033 3008 .

237 3031 379 3106 Trrrxque
394 3031 485 3091 Getes
500 3032 602 3106 armis,
624 3030 771 3106 grandine
784 3035 898 3105 pugnet
911 3027 1024 3089 hiems:

198 3114 261 3175 Nos
277 3114 387 3175 habeat
398 3113 483 3189 regio
498 3129 556 3174 nec
568 3130 663 3189 pomo
676 3115 738 3174 feta
750 3128 809 3174 nec
822 3114 901 3187 uvis,

238 3197 278 3258 Et
290 3198 377 3258 cuius
393 3199 509 3259 nulium
522 3206 625 3259 cesset
638 3199 677 3259 ab
690 3198 780 3259 hoste
791 3198 883 3272 latus.

152 3289 186 3344 15
199 3281 306 3342 cetera
319 3283 360 3341 sit
372 3298 484 3359 sospes
499 3284 647 3343 cultorum
659 3281 749 3342 turba
759 3289 888 3354 tuorum,

183 3414 189 3424 ,
235 3363 407 3440 inquibus,
427 3373 462 3427 ut
475 3367 601 3443 populo,
623 3380 696 3442 pars
711 3379 769 3438 ego
785 3379 882 3439 parva
895 3357 946 3420 fui.

198 3448 249 3511 Me
263 3449 415 3526 miserum,
432 3451 459 3511 si
473 3457 507 3512 tn
521 3449 622 3512 verbis
637 3447 803 3511 offenderis
816 3446 893 3520 istis,
