2602 3816
482 194 513 268 1,
531 189 752 268 cul—-n,.35.
781 238 787 253 .

371 372 547 509 'niune
573 378 844 552 sncuuuuu
922 521 925 527 ,
1038 394 1044 411 “

203 561 300 659 lenus
313 594 406 658 habet
420 598 522 659 finem.
558 616 626 660 cum
640 598 772 661 carmine
786 598 896 661 crescit
909 604 943 662 11
952 612 1066 664 ennus=

245 684 331 743 Alter
343 690 377 743 ut
394 681 444 742 hic
458 684 589 756 mensis,
600 684 658 767 ,sic
679 684 756 745 liber
768 683 843 743 ulier
861 690 919 744 111.
986 730 990 737 ,

204 764 291 827 Nune
305 766 433 842 primum
446 767 540 839 velis,
557 767 650 840 elegi,
661 767 834 827 maioribus
850 768 915 827 itis:

242 849 408 924 Exiguum,
423 850 558 923 memini,
573 865 670 922 nuper
684 849 775 910 eratis
791 854 879 925 opus.

166 938 183 990 5
202 931 272 1010 ipse
287 948 345 1007 ege
360 949 418 994 vos
432 932 524 993 habui
540 933 644 992 faciles
658 931 689 991 in
703 948 806 993 emere
820 934 985 1012 ministres,

243 1016 316 1076 Cum
329 1017 403 1076 lusit
416 1016 665 1090 numeris'pcima
678 1016 801 1077 iuuenta
814 1018 888 1077 suis.

203 1099 288 1159 idem
308 1115 397 1160 sucre
411 1115 490 1159 cunc
505 1100 685 1174 signumque
697 1106 835 1175 tempore
849 1101 953 1164 iestiss

243 1183 357 1258 Ecquis
372 1183 598 1247 adhaeciuinc
611 1182 750 1253 erederei
764 1196 835 1243 esse
848 1184 950 1246 viami

204 1266 288 1327 Haec
302 1281 369 1325 mea
382 1264 486 1326 militie
500 1274 555 1327 111.
585 1267 708 1326 ierimus
724 1282 804 1342 quae
818 1283 993 1345 pessumus,
1007 1284 1099 1344 erma,

153 1361 189 1414 10
243 1349 417 1424 Dexireque
431 1366 493 1409 non
509 1352 589 1410 omni
610 1366 736 1410 munere
750 1356 854 1410 nestra
868 1360 966 1413 vacet.

109 1448 112 1457 ¹
205 1432 238 1494 Si
251 1433 324 1492 mihi
337 1449 400 1492 nun
412 1434 515 1493 valide
530 1440 712 1508 torquentur
722 1434 784 1509 pila
797 1435 920 1511 lacerto,

242 1516 304 1576 Nec
321 1515 475 1577 bellatoris
490 1525 576 1592 terga
589 1520 765 1593 premuntur
778 1518 859 1593 equi,

204 1599 267 1660 Nec
280 1601 369 1675 geieu
382 1601 526 1675 tegimur,
541 1615 598 1665 nec
620 1608 709 1660 ceute
731 1600 879 1674 cingimur
892 1617 997 1678 ense..
1006 1626 1008 1633 >

244 1683 300 1743 His
314 1682 423 1742 hebiiis
443 1684 511 1744 telis
527 1683 652 1759 quilibet
666 1699 736 1743 esse
749 1686 880 1758 potsse..

156 1779 190 1830 15
203 1767 243 1826 At
257 1773 308 1826 iua
322 1769 535 1855 prosequimur
548 1768 687 1829 studiose
703 1775 841 1843 pectore,
865 1768 986 1845 Caesar,

245 1850 372 1910 Nomine
373 1848 452 1926 ,per
465 1852 569 1912 titulus
583 1848 829 1927 ingredimurque
843 1857 922 1922 inus,

205 1932 286 2010 Ergo
307 1935 427 1995 adesce
441 1936 562 2009 placide
578 1935 700 2032 paulum
714 1951 782 1994 meu
796 1951 921 1996 munera
933 1936 1018 1998 voitu
1139 1957 1143 1964 ·

240 2017 388 2092 Respice,
410 2020 549 2094 pacando
564 2020 590 2081 si
604 2020 677 2093 quirl
691 2018 832 2091 1111111111
852 2035 953 2080 vaces.

205 2098 324 2162 Februa
337 2101 465 2160 Romani
479 2103 584 2162 dixere
598 2103 730 2179 piamina
744 2111 855 2178 putres.

155 2194 193 2247 20
245 2184 331 2243 Nunc
346 2186 468 2259 quoque
483 2185 556 2247 deni
568 2187 663 2247 verbo
679 2188 806 2263 piurima
819 2188 906 2262 signu
921 2186 1022 2261 fidem.

205 2265 506 2343 Pontificesebrege
521 2276 626 2344 peiuri
645 2277 676 2330 11
688 2269 811 2330 flamine
824 2271 920 2345 ianus,
987 2286 990 2325 τ

246 2350 320 2425 Quis
338 2357 475 2411 veterum
488 2352 591 2428 iingrre
605 2354 712 2414 februa
725 2370 834 2415 nomeu
847 2360 920 2415 er'e'u
939 2382 942 2389 ⁴

206 2434 354 2511 Quaeque
366 2435 547 2509 cepitiicter
558 2436 700 2498 domibus
716 2440 894 2512 purgamine
906 2445 1020 2513 111111,

243 2517 371 2578 Terride
383 2533 452 2577 cum
465 2519 545 2579 mica
558 2520 653 2594 iurra,
675 2528 820 2582 vocantur
833 2521 929 2583 idem.

157 2611 191 2663 25
204 2601 320 2662 Nomen
335 2601 415 2661 idem
429 2617 529 2676 remo,
553 2604 605 2677 qui
620 2618 730 2664 caesus
744 2604 782 2664 eb
797 2605 906 2664 arbore
919 2610 996 2677 pure
1106 2640 1110 2647 ·

244 2685 336 2746 casu
348 2686 542 2746 secerdotum
556 2694 693 2763 tempora
707 2688 816 2748 frende
829 2687 911 2760 tegiu

205 2766 276 2843 Ipse
290 2783 348 2844 ego
368 2767 549 2829 flaminicum
564 2778 742 2867 poscentem
757 2769 866 2828 februa
877 2766 954 2828 vidi:

244 2850 362 2915 Februa
374 2852 513 2930 poscenti
529 2854 621 2927 pin‘ee
632 2855 718 2928 virge
733 2853 805 2911 (1111
823 2858 879 2913 est.

205 2932 342 3009 Denique
355 2935 570 3012 quodcumque
580 2942 635 3010 esi,
651 2952 713 3011 quc
725 2950 856 3010 corpore
866 2941 971 2997 nostre
980 2935 1108 3013 piantur,

158 3019 194 3075 30
236 3015 310 3076 Huc
324 3020 407 3095 apud
421 3019 560 3079 intensos
574 3030 686 3079 nemen
700 3018 833 3079 habebut
845 3035 934 3080 evus

206 3097 320 3160 Mensis
334 3102 373 3162 eb
386 3102 436 3163 his
451 3102 564 3175 dictus,
587 3110 673 3162 secte
687 3102 757 3176 quie
773 3103 851 3178 pelle
865 3101 981 3178 luperci

246 3179 340 3242 Omne
354 3186 452 3246 seium
466 3187 608 3258 lustrent,
629 3185 723 3261 idque
737 3187 860 3262 ⁴piamen
879 3184 1005 3246 ,habenis

206 3266 267 3325 Aut
281 3264 352 3338 quia
365 3268 491 3344 piscatis
506 3274 727 3344 suut'tempera
740 3286 817 3345 pure
831 3268 1008 3345 sepulchris,

244 3349 328 3408 'i'uuc
341 3364 409 3411 cum
423 3353 534 3414 seruies
548 3353 822 3429 praeterieredies.
836 3400 838 3409 .

156 3440 191 3495 35
206 3430 301 3494 Omne
314 3434 403 3496 ueras
417 3442 598 3516 omnemque
611 3437 681 3499 maii
695 3437 879 3514 purgamine
888 3396 1014 3511 causam!
