2598 3812
529 90 532 103 ¹
564 115 583 150 e

175 158 238 283 120
569 210 627 277 EX
651 208 797 277 PONTO

205 369 248 464 ti.
301 384 549 464 auunculo.
930 466 933 475 Δ

228 612 230 617 y
250 496 393 609 ‘Ecquis
415 540 449 595 ut
461 531 607 593 audisti...
622 544 693 591 nam
706 525 736 591 t'a
751 529 876 591 diversa
887 529 1011 592 uuebat

296 619 424 680 Terre...
439 630 525 677 meos
539 614 640 687 casus,
663 626 717 675 cor
729 614 784 676 tibi
796 614 883 691 triste
895 613 973 675 iultt

256 700 437 763 Dissimules
451 706 631 774 metuasque
644 698 723 773 licet,
745 696 901 771 Graeoim
923 697 1027 757 letech

298 784 331 846 Si
345 783 423 844 bene
436 781 562 855 tenuvi,
582 781 668 842 uiste
681 781 778 841 luisse
792 781 906 857 liquet·-

228 868 320 935 chn
337 868 418 926 cedit
430 866 461 925 in
475 880 577 926 mores
590 865 694 926 feritas
708 863 877 925 inamabilis
891 862 977 938 istos,

296 951 358 1011 Nec
371 950 471 1010 minus
488 965 508 1010 a
521 948 629 1010 studiis
645 948 774 1008 dissidet
787 947 839 1008 iila
851 947 922 1008 tuis.

255 1032 379 1095 Artibus
393 1033 541 1108 ingenuis,
561 1046 688 1107 quarum
700 1030 755 1091 tibi
767 1029 901 1091 murima
914 1044 988 1092 cura
1001 1038 1058 1104 est,

170 1162 173 1171 n
295 1117 422 1178 Pectora
435 1116 616 1180 mollescunt
628 1114 842 1191 asperitasque
856 1110 941 1190 lussit

254 1201 318 1262 Nec
332 1201 494 1275 quisquam
507 1199 633 1260 meliore
646 1199 709 1259 ude
725 1198 935 1273 complectitur
947 1198 1025 1272 illas,

214 1294 249 1351 10
299 1284 364 1358 Qua
378 1284 449 1344 sinit
463 1282 596 1344 cilicium
611 1280 911 1357 militiaequelabcr.v

255 1369 341 1430 certe
354 1383 412 1442 ego
428 1382 497 1429 cum
512 1366 640 1442 primum
655 1362 740 1442 potui
754 1365 867 1425 sentire
881 1363 956 1439 quid
968 1378 1078 1440 essem,

293 1450 369 1511 Num
383 1451 576 1511 fuitattonito
590 1448 765 1509 mensmihi
779 1448 862 1509 nulla
875 1448 964 1508 diua..
1000 1480 1002 1491 ι

253 1536 321 1596 Hoc
335 1549 459 1610 quoque
473 1535 623 1594 sedunam
637 1533 730 1607 sensi,
749 1532 834 1608 quod
847 1533 962 1591 amicus
977 1530 1114 1605 abesses,

149 1623 152 1627 ’
295 1618 351 1693 Qui
362 1617 436 1677 mihi
449 1616 636 1693 praesidium
648 1615 766 1691 grande
778 1615 896 1676 iuturus
910 1629 990 1675 eras·

213 1711 247 1767 lt
257 1702 368 1763 Tecum
381 1704 453 1762 tun'e
467 1701 592 1761 aberant
604 1712 716 1774 aegrae
729 1699 846 1760 salacia
859 1698 977 1773 mentis,

294 1785 466 1860 Magnaque
479 1799 553 1860 pars
567 1783 658 1843 animi
673 1782 854 1856 consiliique
867 1781 937 1842 mel.

253 1872 294 1930 At
310 1883 406 1943 nunc,
427 1868 510 1943 quod
530 1872 687 1943 superesi,
710 1862 883 1940 senopem,
911 1879 1036 1941 precor,
1061 1864 1178 1924 eminus

293 1951 501 2027 Alloquicque
514 1951 587 2011 iuvc
599 1948 725 2024 pectora
738 1955 843 2009 nostra
855 1955 918 2024 tuo,
1066 1949 1177 2027 [unam

253 2034 345 2110 Quae,
366 2049 428 2095 non
443 2033 581 2094 mendaci
595 2033 623 2092 si
639 2032 805 2108 quicquam
814 2032 915 2092 credis
930 2031 1036 2108 amico,
1053 2032 1055 2039 '

211 2125 247 2180 20
298 2116 395 2178 Stulta
408 2117 505 2192 magis
520 2114 589 2191 dici,
612 2130 703 2191 quam
717 2116 875 2190 scelerata,
896 2115 994 2175 decet

252 2202 315 2261 Nec
327 2200 430 2273 breve,
450 2215 509 2260 nec
522 2205 634 2273 tutum
645 2198 764 2273 peccati
779 2198 912 2274 quaesit
926 2198 1023 2274 origo,

292 2283 443 2344 Scribere
475 2283 737 2343 tractarivulnera
749 2288 855 2345 nostra
869 2282 982 2342 timent

253 2367 471 2443 Qualicumque
488 2366 580 2426 mcdc
593 2364 668 2424 milri
682 2364 743 2426 sint
755 2370 793 2427 ea
805 2365 895 2438 iada,
912 2380 1022 2441 rogare

293 2449 416 2511 Desine.
446 2465 508 2510 non
521 2449 638 2524 agites,
649 2449 740 2523 siqua
754 2448 957 2509 οοὶιονοιίε

212 2518 247 2599 us
258 2533 408 2610 Quicquid
421 2533 454 2593 id
470 2538 526 2606 est,
540 2540 649 2593 utnon
663 2532 791 2607 lacinus,
805 2532 851 2593 sic
865 2533 956 2608 culpe
967 2531 1109 2594 vocanda
1122 2537 1178 2592 est.

188 2684 190 2688 ,
294 2616 398 2678 Omnis
412 2633 451 2678 an
466 2616 497 2677 in
510 2630 640 2691 magnos
654 2617 746 2691 culpa
761 2617 838 2677 deas
852 2617 956 2677 scelus
970 2622 1038 2676 esta

193 2700 333 2776 Spes
348 2702 437 2777 igitur
450 2701 550 2760 menti
556 2696 683 2776 poenus,
705 2699 861 2773 Graecine,
883 2698 1033 2761 levandae

291 2784 359 2843 Non
372 2793 421 2847 est
434 2800 474 2845 ex
486 2790 550 2847 tcto
565 2784 648 2843 nulle
660 2782 766 2843 relicte
779 2782 876 2843 meae.
944 2804 947 2811 ²
1003 2835 1010 2855 ,

252 2866 336 2927 Haec
349 2867 416 2942 dee,
436 2884 506 2928 cum
520 2868 660 2943 lugerent
673 2866 844 2927 sceleratas
852 2868 975 2928 numine
988 2872 1094 2938 terras,

201 2959 238 3014 30
289 2951 324 3010 ln
338 2950 387 3010 dis
401 2952 501 3013 invisa
513 2952 583 3012 sola
594 2950 740 3013 remansit
752 2949 856 3010 humo.

178 3087 184 3107 ,
249 3033 334 3094 Haec
347 3033 427 3109 iacit,
445 3041 479 3095 ut
491 3035 576 3096 vivat
590 3035 693 3095 lassor
709 3049 832 3109 quoque
845 3032 997 3110 compede
1011 3031 1138 3104 vinctus,

290 3117 461 3194 Liberaque
474 3133 495 3178 a
508 3118 588 3177 remo
603 3133 692 3178 crura
705 3119 805 3178 lutura
818 3124 911 3193 putet

249 3200 333 3262 Haec
347 3202 427 3277 iacit,
445 3208 487 3277 ut,
509 3200 613 3262 videet
624 3212 695 3262 cum
706 3207 803 3260 terras
817 3202 952 3276 undique
965 3199 1073 3274 nullas,

286 3285 479 3363 Nautragus’
471 3303 502 3346 m
515 3285 625 3366 mediis
639 3283 787 3345 brachia
778 3290 869 3343 iactet
882 3284 982 3361 aquis

201 3375 237 3434 3⁶
251 3367 352 3446 Saepe
366 3371 499 3447 aliquem
513 3369 623 3431 sollers
636 3367 824 3429 medicorum
838 3383 911 3429 cure
923 3366 1052 3454 reliquit

288 3452 352 3516 Nec
365 3471 440 3533 spes
453 3456 525 3518 huic
540 3468 618 3515 vena
632 3449 793 3515 deficiente
808 3452 933 3515 cadit.
