2586 3820
504 279 752 356 mmeffl.
1069 281 1175 344 ma·

216 433 275 496 Cur
288 434 519 511 igltorvmerls
533 435 643 494 testum
656 432 777 492 Vinalia
792 431 901 505 dicant,
929 486 933 493 .
969 474 971 479 -

259 518 465 593 Quaeritis-et
479 515 722 591 quere-sitieris
733 516 796 575 »ista
810 515 900 575 diest
922 564 925 579 ,
959 556 961 559 ψ

215 601 349 674 Turnus,
358 617 409 662 ana
416 601 537 660 Aeneas
551 600 654 661 Latiae
670 614 763 673 gener
777 606 860 658 esset
872 600 1007 671 Amatae,

152 691 205 746 880
258 684 375 745 Bellum
388 691 469 744 erat:
492 683 636 744 onustas
649 683 766 742 Turnus
781 682 912 757 adoptet,
921 697 1007 757 opes.

217 766 323 828 Clarus
342 774 420 842 erut,
435 767 626 842 sumptisque
640 767 727 827 lerox
740 765 909 831 iterandus
920 765 1022 838 armis,

257 850 295 910 Et
306 849 356 911 vel
369 866 449 925 equo
463 865 605 925 magum,
619 851 670 917 vel
687 849 767 924 pede
783 848 879 909 maior
891 857 966 910 eret
1079 854 1082 922 j

217 933 311 1008 Quem
323 934 424 995 Rutuli
436 932 694 1007 'lornusquesuis
707 932 882 993 adsciscere
895 938 1019 1010 temptat

260 1017 407 1078 Partibus.
434 1017 512 1077 haec
526 1024 630 1078 contra
644 1016 761 1075 duxita
773 1017 890 1077 Tuscus
905 1016 960 1076 aitz

153 1103 206 1160 885
220 1100 299 1163 ‘Stat
316 1100 388 1160 mihi
402 1116 464 1161 non
478 1100 683 1176 pernovimus
697 1112 774 1158 meu
801 1098 928 1160 volnera
940 1105 1044 1174 testor,

115 1184 119 1195 '
257 1187 427 1259 nouoque,
445 1199 524 1259 quae
536 1183 638 1259 sparsi
653 1182 799 1256 sanguine
813 1197 909 1259 saepe
927 1197 1007 1243 meo.

217 1267 273 1344 Qui
288 1267 366 1343 petis
380 1267 539 1339 auxilium,
553 1283 616 1328 non
629 1265 756 1340 grandia
770 1265 873 1326 dinide
885 1281 1004 1327 mecum

256 1351 407 1424 Praemia,
416 1350 462 1415 de
477 1351 603 1410 lacubus
617 1349 758 1426 proxima
770 1355 870 1410 musta
883 1350 952 1410 luis.
1010 1404 1012 1409 ,

217 1435 304 1497 Nulla
330 1449 416 1495 mora
440 1441 489 1495 est
511 1448 633 1510 operae.
672 1437 805 1493 vestrum
831 1442 880 1493 est
900 1434 987 1508 dare,
1012 1432 1133 1494 vincere
1212 1454 1216 1464 ·

699 1566 701 1571 s
760 1523 906 1576 noenum.

154 1608 208 1666 890
261 1600 356 1676 Quam
371 1599 446 1661 velit
458 1602 581 1661 Aeneas
594 1600 655 1661 ista
664 1604 775 1674 negata
788 1598 861 1658 milti
870 1605 889 1657 t’

217 1685 394 1747 Adnuerant
405 1685 518 1745 Rutuli.
545 1683 712 1745 Mezentius
725 1682 822 1742 induit
834 1698 926 1755 arma,

258 1769 359 1829 Induit
371 1771 509 1841 Aeneas,
524 1768 758 1843 adloquiturque
771 1766 890 1827 lovem:

218 1853 355 1913 ‘Hostioa
368 1851 524 1931 Tyrrheno
542 1858 613 1912 vota
627 1857 675 1910 est
686 1849 840 1910 vindemia
851 1849 931 1925 regis

259 1936 407 2012 luppiter,
424 1937 540 1996 eLatio
556 1935 677 2011 palmite
692 1942 793 1995 musta
804 1935 913 1994 teresl’

154 2032 207 2091 895
219 2022 302 2080 Vota
314 2020 416 2078 valent
429 2021 564 2080 meliora.
593 2017 674 2078 eadit
685 2016 854 2077 Mezentius
866 2017 984 2094 ingens,
1004 2072 1008 2079 ,

257 2107 358 2177 Atque
372 2103 539 2178 indignanti
553 2108 677 2178 pectore
693 2101 808 2176 plangit
821 2100 953 2162 humum.

215 2188 351 2249 Venerat
362 2187 531 2247 Autumnus
546 2186 673 2246 calcatis
685 2168 829 2245 sordidus
842 2185 927 2245 nuiss

256 2267 436 2330 Redduntur
448 2271 554 2330 merito
570 2269 670 2329 debita
683 2268 754 2340 vina
766 2268 842 2329 Iovi.

175 2354 183 2365 '
217 2352 304 2416 Dicta
317 2351 383 2410 dies
397 2351 468 2412 hino
479 2360 529 2414 est
543 2352 674 2413 Vinalia
702 2351 838 2427 luppiter
849 2350 932 2413 illam

155 2445 208 2502 too
260 2433 417 2508 Vindicat,
433 2442 464 2496 et
477 2435 563 2496 lestis
577 2435 690 2511 gaudet
704 2434 807 2496 inesse
822 2435 896 2496 suis.

414 2562 854 2655 mccucmmm

219 2688 281 2750 Sex
300 2685 367 2760 ubi,
385 2701 465 2762 quae
477 2695 606 2761 restant,
625 2687 711 2748 luces
720 2687 840 2762 ,Aprilis
854 2685 986 2761 habebit,

257 2772 291 2831 ln
304 2769 406 2830 medio
421 2784 512 2830 eursu
524 2765 756 2847 temperaveris
771 2774 866 2843 amnt,
886 2820 890 2829 .
916 2816 918 2821 ι

217 2854 255 2915 Et
267 2855 380 2917 trustra
393 2853 542 2928 pecudem
557 2869 686 2930 quaeres
700 2851 932 2913 Athamantidos
940 2853 1057 2928 Helles,

191 3012 193 3016 Ι
262 2937 415 3013 Signaque
429 2936 502 2995 dant
514 2937 643 3011 imbres,
659 2935 969 3010 exoriturqueCanis.

157 3030 209 3086 905
221 3019 285 3080 Hac
299 3021 370 3081 mihi
384 3020 531 3080 Nomento
545 3021 674 3082 Romam
688 3034 757 3079 oum
770 3019 838 3080 tuoe
852 3020 992 3095 redirem,

260 3101 378 3165 Obstitit
390 3103 422 3164 in
436 3102 537 3162 media
550 3103 680 3163 candida
693 3101 780 3165 turba
792 3103 852 3163 via.
878 3172 882 3179 ,

219 3184 340 3247 Flamen
354 3188 384 3247 in
398 3186 540 3260 antiquae
556 3186 656 3246 lucum
671 3184 829 3260 Robiginis
844 3186 915 3259 ibat,

257 3267 334 3329 Exta
347 3270 431 3330 canis
445 3268 591 3345 ilammis,
606 3276 676 3329 exta
691 3270 815 3330 daturus
831 3269 909 3330 onis.

219 3351 360 3415 Protinus
374 3353 507 3429 accessi,
521 3353 596 3415 ritus
604 3368 650 3413 ne
663 3352 786 3414 nescius
801 3368 912 3413 essem.

154 3441 208 3499 910
259 3433 361 3495 Edidit
372 3434 448 3496 baec
460 3436 584 3498 Flamen
599 3438 707 3509 verba,
726 3435 861 3511 Quirine,
876 3441 960 3496 tuus=

142 3581 144 3585 ,
220 3520 354 3597 ‘Aspera
367 3518 503 3594 Robigo,
518 3537 628 3598 pareas
643 3520 809 3583 Cerialibus
824 3516 938 3591 herbis,
