2582 3810
146 227 209 295 w<
534 225 762 289 TRISTIUM

268 377 335 441 lloc
348 381 465 452 poteret
478 391 535 452 pro
550 392 608 450 me,
631 378 759 439 forsitan
772 378 824 439 ιιι
838 377 934 440 daret
1010 380 1014 387 '

185 473 219 528 ιι
228 459 351 536 Frigida
363 475 412 519 me
426 459 568 521 cohibent
579 422 690 520 Euxini
703 462 791 523 litora
803 461 905 524 Ponti·

269 544 375 606 Dictus
390 542 428 603 ab
442 544 574 618 antiquis
588 545 716 604 Axenus
730 545 780 604 ille
794 545 858 606 luit

228 627 305 688 Nam
317 642 418 701 noque
431 626 579 686 iactantur
591 627 758 687 moderatis
771 643 907 725 aequora
920 608 1028 703 ventu,

267 711 330 772 Neo
344 710 483 786 placidos
498 716 604 785 portus
618 709 741 784 hospita
754 712 844 772 navis
856 710 959 771 habet.

229 794 306 856 Sunt
319 793 401 853 circa
414 796 529 867 gentes,
550 808 629 867 quae
645 794 791 868 praedam
806 794 954 870 sanguine
968 802 1131 870 quaenunt:
1216 811 1219 815 ’

185 887 223 944 tto
269 879 332 939 Nec
347 876 445 936 minus
458 875 553 936 infida
563 883 646 935 terra
658 876 782 938 timetur
795 894 886 953 aqua

229 961 283 1031 llll,
307 966 386 1034 quos
401 960 489 1019 audis
503 958 657 1019 hominum
668 961 804 1035 gaudere
818 976 935 1036 cruore,
956 981 958 985 ·

267 1043 368 1103 Paene
381 1043 439 1102 sulr
454 1043 592 1103 eiusdem
607 1043 717 1102 sideris
733 1059 792 1104 ane
806 1044 913 1105 lacent.

228 1125 291 1186 Nec
305 1126 413 1202 procul
427 1125 549 1186 anobis
563 1127 650 1186 locus
664 1134 720 1199 est,
739 1127 792 1188 ubi
805 1129 932 1188 Taurica
946 1125 1013 1186 dira

270 1210 370 1271 Caede
381 1208 574 1285 'pharetratae
590 1210 743 1285 spargitur
757 1226 812 1270 ara
825 1210 912 1270 dene.

185 1292 314 1357 oollaeo
328 1293 422 1368 prius,
443 1299 477 1352 ut
489 1299 665 1365 memorant,
686 1293 916 1354 non'invldlosu
931 1292 1071 1355 nefandis

270 1376 332 1436 Nec
346 1377 498 1452 cupienda
510 1376 599 1438 bonis
613 1391 709 1450 regna
720 1376 864 1436 Thoantis
881 1382 976 1436 erant.

230 1459 287 1519 Hic
304 1474 360 1535 pro
374 1460 537 1537 supposita
548 1460 635 1534 virgo
649 1459 794 1535 Pelopeia
808 1474 900 1519 cerva

273 1541 369 1604 Sacra
382 1544 460 1603 deae
473 1543 567 1605 coluit
581 1543 812 1618 qualiacumque
827 1544 914 1603 suae

232 1626 297 1700 Quo
312 1633 484 1702 postquem,
500 1620 634 1700 dubium,
655 1628 725 1702 pius
740 1642 779 1686 an
793 1627 968 1701 sceleratus,
982 1623 1105 1687 Orestes

186 1716 221 1774 to
270 1710 403 1770 Exactus
418 1710 504 1770 iuriis
519 1712 645 1770 venerat
658 1710 726 1785 lpse
743 1710 816 1784 sois,

228 1792 266 1854 Et
278 1807 382 1854 comes
396 1793 569 1869 exemplum
582 1794 646 1853 veri
659 1792 798 1855 Phoceus
814 1791 938 1864 cruoris,
988 1792 991 1797 '
1101 1807 1106 1816 ·

270 1875 326 1951 oui
340 1877 401 1938 duo
415 1877 612 1952 corporibus,¹
627 1875 776 1936 mentibus
791 1891 869 1936 unus
884 1883 978 1949 erant,
1151 1872 1154 1879 '

228 1958 367 2020 Protinus
384 1961 494 2020 evincti
508 1960 623 2020 ιιιιιιιιι
636 1960 786 2019 ducuntur
800 1959 840 2020 ad
854 1975 946 2034 araur,

268 2041 352 2116 Quae
366 2044 465 2103 stabat
479 2044 617 2117 geminas
634 2049 705 2102 ante
718 2048 842 2103 cnienta
856 2043 950 2103 iores.
979 2042 982 2047 '

184 2133 218 2191 te
228 2124 290 2186 Nec
303 2131 404 2185 tamen
417 2125 499 2185 hunc
514 2140 571 2186 sua
584 2141 677 2199 mors,
691 2138 749 2186 nec
763 2142 848 2186 mors
861 2142 918 2191 sua
930 2126 1036 2189 terntit
1050 2124 1155 2187 illunis
1180 2199 1183 2204 ι

268 2208 353 2268 Alter
367 2207 405 2268 ab
420 2209 461 2268 alt
449 2209 543 2271 terius
556 2210 663 2269 lunae
675 2215 810 2270 maestus
825 2216 898 2270 erat

227 2290 286 2351 Ει·
277 2307 338 2350 rain
351 2292 527 2352 constiterat
542 2292 645 2352 stricto
660 2306 806 2353 mucrone
819 2291 987 2370 sacerdos,
1080 2285 1085 2301 '

269 2356 409 2434 Cinxerat
424 2382 454 2435 et
468 2374 574 2435 Graias
588 2375 720 2436 barbara
732 2376 807 2436 vitta
821 2391 937 2450 comas,

230 2455 302 2517 Cum
315 2457 384 2518 vice
397 2458 548 2518 sermonis
562 2459 685 2519 lratrern
699 2460 850 2535 cognovit,
871 2466 902 2520 et
911 2422 973 2521 ll’lt

184 2544 220 2603 80
270 2540 327 2600 Pro
342 2557 418 2603 neco
433 2543 612 2617 complexus
626 2542 784 2618 iphigenia
798 2542 890 2602 dedit.
1087 2608 1091 2615 ‚

233 2623 326 2684 Laeta
339 2624 416 2686 oleae
430 2625 559 2700 signum,
582 2626 717 2687 crudelia
730 2641 820 2686 socru
833 2641 975 2701 perosae,

271 2706 432 2768 Transtulit
446 2724 486 2769 ex
499 2708 558 2769 illis
572 2708 603 2770 in
616 2710 742 2771 meliors
754 2709 849 2770 locis:

229 2789 314 2850 Ilaec
327 2790 417 2865 igitur
429 2792 524 2868 regio,
546 2794 646 2868 magni
659 2808 757 2868 paena
771 2792 876 2853 ultima
888 2792 1001 2865 mundi,

270 2871 365 2946 Quam
378 2875 484 2950 lugere
498 2876 636 2937 homines
651 2878 753 2953 dique,
762 2884 766 2899 '
775 2877 947 2952 propinqua
960 2872 1032 2933 mihi
1047 2882 1109 2934 est:

184 2963 220 3020 85
229 2956 331 3031 Atque
343 2972 442 3017 meam
454 2965 565 3021 terram
578 2976 676 3036 prope
692 2966 762 3021 sunt
774 2959 913 3020 funebria
928 2964 1025 3035 sacru,

275 3037 308 3098 Si
323 3039 415 3101 inodo
432 3042 546 3104 Nasoni
559 3043 691 3105 bachans
705 3051 788 3104 terra
803 3058 861 3104 sua
875 3047 931 3101 est

230 3120 254 3182 Ο
268 3122 383 3183 utinam
397 3125 488 3198 venti,
512 3126 622 3201 quibus
640 3134 688 3188 est
701 3123 968 3201 ablatus'Orostes,

267 3204 389 3267 Placoto
403 3208 535 3269 relorant
548 3217 581 3271 et
591 3227 661 3272 mea
673 3212 744 3271 vela
757 3209 832 3270 dect

172 3337 213 3432 5·
229 3335 259 3435 θ
275 3376 347 3437 mihi
363 3376 490 3439 dilectos
503 3377 583 3438 inter
595 3378 666 3440 sors
678 3377 776 3454 prima
790 3375 924 3453 sodales,

268 3460 366 3523 Unica
379 3464 507 3527 torturis
521 3477 576 3524 ara
588 3469 709 3540 repertu
722 3460 812 3523 meist
