2582 3810
489 202 533 280 ll,
552 200 731 268 tta-491.

234 354 272 417 itt
290 355 413 416 tacitam
431 356 558 418 mensae
571 355 658 419 duxit
675 356 707 417 in
724 354 800 417 orbe
814 362 932 419 notam=

128 447 182 503 455
195 437 232 498 El
248 440 361 513 quibus
374 453 393 498 ε
406 439 494 500 sucis
511 440 601 500 abeat
614 439 654 501 de
669 454 799 517 corpore
814 440 901 515 livor,

235 521 392 597 impresso
409 522 475 581 lieri
495 523 547 598 qui
565 525 645 584 solet
663 539 731 597 ore,
751 524 855 583 docet:

194 605 334 680 Denique
353 604 392 665 ab
407 605 528 665 incauta
542 606 669 667 nimium
685 606 760 681 petit
777 606 828 667 ille
843 607 961 679 marito,

237 688 278 765 Se
294 703 419 763 quoque
436 688 480 747 uti
494 696 611 764 servat,
630 697 738 765 peccet
752 696 786 749 ut
800 690 851 750 illa
864 691 980 750 minuce

196 770 275 845 Scit,
293 773 343 832 cui
356 773 481 831 latretur
496 786 551 832 cnr
566 774 654 833 solus
671 771 858 845 obambulet,
878 774 957 848 ipse,
1064 845 1072 861 .

14 864 18 871 ⁴
129 864 184 922 loo
239 856 299 916 Cur
310 854 422 916 totiens
437 855 560 915 clausas
576 862 718 916 exscreat
731 862 801 916 ante
819 857 918 917 loresa

196 936 352 1013 Multaque
371 938 424 998 dat
441 938 512 997 iurti
525 937 595 999 talis
611 945 790 1014 praecepta,
806 941 966 1014 docetque,

240 1022 306 1096 Qua
318 1028 431 1097 nuptae
449 1021 571 1095 possint
585 1016 690 1081 lolleie
706 1023 744 1083 ab
759 1028 824 1082 arte
839 1024 935 1083 viros,

119 1152 131 1179 ,
196 1102 259 1164 Nec
278 1104 334 1164 luit
347 1105 405 1165 lroc
420 1104 463 1164 illi
476 1105 592 1177 fraudi,
611 1105 782 1179 legiturque
799 1105 936 1166 Tibullus

239 1186 277 1247 Et
292 1189 406 1263 placet,
421 1195 453 1248 et
470 1188 530 1248 iam
550 1195 581 1248 tc
597 1188 734 1263 principe
748 1195 838 1249 nctus
853 1198 928 1249 erat.

131 1275 184 1334 465
198 1270 339 1331 Invenies
354 1271 462 1331 eodem
475 1271 579 1332 blandi
598 1278 764 1346 praecepta
775 1271 927 1348 Properti=

240 1352 401 1415 Districlus
415 1354 541 1417 minima
553 1370 611 1414 nec
625 1361 726 1414 tamen
738 1356 790 1414 -ille
804 1364 876 1417 nota
891 1361 948 1415 est.

197 1437 253 1498 His
270 1453 328 1512 ego
342 1439 490 1498 successi.
512 1438 654 1513 quonlam
671 1439 858 1513 praestantia
872 1440 987 1500 candor

240 1521 368 1581 Numina
380 1521 519 1581 vivorum
535 1520 727 1581 dissimulare
741 1521 834 1582 iubet.

198 1603 266 1663 Non
279 1604 378 1676 urnui,
393 1605 506 1678 iateor,
524 1620 579 1678 ne,
600 1620 662 1677 qua
676 1610 721 1663 tot
739 1604 802 1665 iere
821 1603 953 1679 carinae,

131 1688 185 1745 llo
240 1687 395 1762 Nauiraga
414 1687 546 1753 servatis
566 1687 706 1746 omnibus
725 1700 787 1749 una
806 1689 895 1747 toret.

200 1771 276 1832 Sunt
291 1771 360 1832 aliis
380 1771 526 1845 scriptae,
544 1770 656 1845 quibus
675 1770 744 1830 alea
756 1769 882 1843 luditur,
902 1779 1030 1831 artesa...

240 1855 306 1916 Hoc
324 1861 373 1915 est
388 1855 429 1914 ad
443 1861 567 1915 nostros
581 1854 642 1913 non
657 1854 727 1914 leve
743 1853 856 1913 crimen
873 1868 981 1915 avos...

200 1937 277 2013 Quid
292 1940 413 1999 rmeant
429 1939 499 2012 tali,
512 1953 574 2012 quo
593 1938 697 2012 possis
714 1937 843 2012 plurima
860 1940 941 1998 iactu

241 2021 384 2096 Fingere,
404 2021 571 2082 damnosos
593 2020 783 2095 effugiasque
800 2036 909 2083 canes=

132 2105 185 2160 lla
198 2107 423 2180 Tesseraquos
437 2104 547 2165 haheat
563 2118 722 2177 numeros,
738 2105 870 2165 distante
883 2111 995 2165 vocato

241 2189 359 2248 Mittere
376 2203 437 2261 quo
452 2189 574 2262 deceat,
595 2204 657 2261 qua
673 2188 747 2248 dare
762 2187 860 2249 missa
877 2188 986 2249 modos

200 2271 342 2332 Discolor
359 2276 393 2331 ut
407 2278 492 2332 recto
507 2277 664 2346 grassetur
676 2272 769 2331 limita
788 2271 886 2344 milae,

243 2355 316 2429 Cum
330 2354 450 2415 medius
466 2356 587 2429 gemino
605 2356 741 2414 calculus
756 2354 846 2415 hoste
865 2353 951 2430 perit,

199 2439 240 2499 Ut
250 2453 339 2512 mage
353 2439 431 2498 velle
447 2438 534 2512 sequi
547 2437 626 2497 sciat
641 2444 671 2497 et
682 2448 833 2498 revocare
845 2439 987 2515 priorem,
1077 2470 1120 2484 -

131 2524 187 2581 480
240 2520 303 2580 Nec
319 2526 384 2580 tuto
404 2521 523 2596 lugiens
538 2520 732 2581 incomitatus
752 2526 810 2581 eat
890 2574 893 2579 Α

198 2603 300 2664 Parva
314 2604 402 2665 sedet
415 2604 510 2664 ternis
523 2604 677 2665 instructa·
689 2603 801 2664 tabella
821 2602 942 2677 lapillis,

125 2743 141 2751 ,
240 2687 274 2746 In
289 2704 350 2761 qua
363 2686 478 2748 vicisse
492 2695 541 2748 est
555 2686 752 2747 continuasse
771 2702 865 2748 suosz
1019 2689 1118 2766 sues...
1190 2684 1191 2693 ’

200 2771 316 2845 Quique
337 2770 526 2830 aliilusus...
546 2785 647 2845 neque
669 2769 749 2829 enim
766 2784 848 2829 nunc
863 2784 1034 2845 persequar
1056 2786 1117 2831 orn-

240 2850 470 2927 Perdere,.rcm
489 2868 605 2925 caram,
624 2859 763 2926 tempora
778 2858 885 2913 nostra
899 2848 1008 2915 solent.

64 2976 69 2985 ·
130 2943 185 2998 485
199 2937 281 2996 Ecce
295 2936 377 2997 canit
390 2936 506 2996 lormas
520 2937 599 2996 alius
618 2936 778 3009 iactusque
792 2935 936 3012 pilarumz

240 3019 297 3089 Hic
312 3026 408 3081 artem
425 3018 518 3079 naudi
537 3019 699 3094 praecipit,
718 3018 769 3078 ille
788 3019 899 3080 trochia

200 3103 378 3177 Composita
392 3109 441 3162 est
454 3100 522 3161 aliis
537 3102 662 3161 iucundi
676 3118 751 3163 cura
765 3103 893 3164 colonica

241 3185 299 3246 illc
313 3186 413 3263 epulis
431 3186 518 3259 leges
531 3184 727 3258 hospitioque
742 3187 839 3246 dedita

200 3270 287 3328 Alter
301 3267 440 3341 humum,
454 3269 495 3328 da
509 3284 575 3344 qua.
584 3268 735 3341 fingantur
751 3270 876 3344 pocula,
897 3274 1054 3344 monstrat,

26 3346 28 3441 ᾖ
129 3358 198 3423 490,
242 3351 402 3425 Quaeque,
422 3351 527 3424 docet,
543 3352 757 3425 liquidotesta
771 3352 896 3426 sitapta
910 3366 1003 3412 mero.

199 3434 442 3578 Taltsassluduntur
453 3436 577 3498 fumoso
595 3448 702 3498 mense
716 3435 884 3508 Deccmbri,
899 3524 917 3578 ³

158 3532 242 3577 outo.
303 3560 311 3578 ·
612 3562 615 3567 ⁴
