2598 3812
498 228 529 270 v.
550 206 726 276 &Di—dili.
822 282 826 286 q

246 363 382 427 Traditur
395 363 485 448 Icarii
497 379 558 438 quo
571 362 725 425 cecidisse
737 376 839 437 gener.

207 450 308 526 thue
322 449 436 523 loquax
450 447 480 505 in
496 462 576 520 equo
592 453 640 506 est
654 448 747 507 elisus
762 452 863 521 guttur
876 460 996 519 acerno,

249 533 301 594 Sic
314 530 368 590 tibi
383 530 541 589 claudatur
553 531 664 605 pollice
677 530 765 589 vocis
780 530 844 588 iter.

206 620 268 676 Aut
281 620 314 675 ut
326 611 526 672 Anaxarchus
542 614 605 687 pila
618 614 762 674 minuaris
776 613 807 670 in
821 612 890 686 atta,

88 765 91 770 ,
145 706 199 762 ulo
252 700 394 772 luctaque
407 712 464 771 pro
479 694 576 756 solitis
591 697 730 773 frugibus
744 710 821 755 ussa
834 702 954 757 sonent.

193 783 306 856 thue
319 786 434 855 patrem
448 778 641 854 Psamathes,
657 779 771 839 condat
783 784 813 838 tc
826 777 969 838 Phoebus
983 777 1014 837 in
1029 778 1089 837 irua

245 867 378 926 Tartara.
407 863 491 936 quud
504 870 593 922 naue
606 865 719 922 lecerat
732 862 782 920 ille
797 876 881 922 suae.

207 951 303 1023 Inque
316 954 386 1006 tuos
402 960 439 1004 ca
452 945 548 1020 pestis
563 953 626 1020 eat,
643 960 734 1021 quam
748 945 855 1007 dextre
869 943 999 1005 Coroebi

249 1030 344 1102 Vicit,
360 1040 450 1104 opem
464 1029 584 1088 miseris
598 1027 813 1104 Argolicisque
826 1028 901 1088 tulit

142 1119 199 1185 575,
208 1115 308 1188 thue
321 1127 419 1188 nepos
433 1112 580 1185 Aethrae,
594 1112 724 1172 Veneris
738 1112 901 1171 moriturus
915 1109 955 1170 ob
970 1109 1054 1183 ham,

245 1195 375 1256 Exulab
390 1194 521 1280 attonitis
537 1195 698 1256 excutiaris
712 1194 812 1270 equis.

204 1279 331 1355 Propter
345 1294 421 1353 opes
435 1292 561 1352 magnas
574 1285 608 1338 ut
621 1277 752 1353 perdidit
765 1276 881 1353 hospes
893 1278 1053 1347 alumnum,

245 1362 356 1423 Perdat
369 1361 408 1421 ob
423 1362 550 1435 exiguas
564 1368 594 1420 te
607 1368 677 1421 tuus
691 1361 807 1435 hospes
823 1376 911 1436 opos.

204 1446 304 1521 thue
319 1446 416 1504 lerunt
430 1459 540 1504 caesos
555 1458 611 1503 sex
626 1459 693 1502 cum
706 1443 963 1505 Damasichthone
975 1445 1095 1518 tratres,

142 1538 195 1593 580
249 1531 379 1589 intereat
391 1536 491 1587 tecum
504 1529 550 1586 sic
564 1542 661 1601 genus
675 1542 765 1586 omne
778 1535 870 1587 tuum.

205 1611 333 1672 Addidit
345 1619 379 1671 ut
391 1612 503 1671 fidicen
516 1611 636 1670 miseris
652 1626 709 1669 sua
722 1611 830 1669 lunera
842 1611 930 1686 natio,

121 1706 128 1712 ·
248 1695 299 1755 Sic
309 1694 365 1754 tibi
379 1695 438 1754 sint
452 1694 532 1753 vilae
545 1694 646 1771 taedia
659 1692 740 1753 iusta
752 1692 832 1752 tuae.

205 1777 283 1839 Utve
297 1793 387 1837 soror
396 1776 518 1852 Pelopis
534 1792 610 1838 saxo
624 1776 744 1836 dureris
759 1775 875 1847 oborto,

203 1929 208 1934 ,
246 1861 284 1923 Et
297 1862 400 1921 laesus
414 1862 516 1935 lingua
529 1861 642 1931 Battus,
648 1859 686 1918 ab
698 1860 770 1934 ipse
784 1874 850 1918 sua.

142 1952 196 2009 585
210 1947 292 2005 Atra
306 1944 332 2003 si
346 1945 441 2004 misso
456 1944 604 2018 liquidum
617 1941 789 2002 iaculabere
804 1942 900 2016 disco,

246 2028 312 2101 Quo
327 2042 404 2102 puer
417 2027 579 2088 Oebalides
593 2029 670 2087 ictus
685 2025 723 2085 ab
739 2025 812 2085 01be
827 2025 932 2085 cadas.
1013 2098 1014 2109 χ

206 2111 301 2185 Siqua
320 2126 376 2186 per
390 2111 523 2171 alternos
542 2110 712 2186 pulsabitur
726 2110 809 2169 unda
822 2111 963 2185 lacertos,

248 2193 351 2253 Omnis
369 2193 522 2269 Abydena
536 2195 575 2254 sit
587 2194 747 2267 tibi'peior
765 2208 856 2267 aqua.

206 2277 345 2338 Comicus
362 2282 394 2335 ut
408 2277 517 2335 mediis
533 2277 637 2352 periit,
658 2275 852 2348 damnabat,
872 2276 903 2334 in
918 2274 1018 2346 undis,

140 2369 193 2424 590
247 2359 285 2419 Et
303 2366 355 2419 tua
372 2359 417 2418 sic
435 2359 563 2437 Stygius
579 2360 814 2433 strangulatum
829 2359 938 2434 liquor.

126 2478 128 2484 ι
203 2444 265 2503 Aut
275 2442 329 2502 ubi
342 2449 503 2502 ventosum
517 2443 672 2518 superaris
688 2442 852 2516 nauhagus
871 2456 995 2518 aequor,

247 2525 390 2586 Contacta
404 2540 529 2599 pereas,
544 2533 577 2585 ut
587 2525 760 2597 Palinurus,
774 2524 878 2584 humo.
991 2540 996 2543 ⁴

205 2608 304 2682 thue
324 2608 533 2668 cothurnatum
548 2617 649 2667 vatem
667 2610 759 2677 tutela
774 2608 898 2679 Dianae,

158 2688 161 2701 '
246 2691 376 2749 Dilaniet
387 2691 510 2764 vigilum
524 2699 554 2751 te
569 2706 691 2766 quoque
704 2689 793 2749 turba
811 2704 929 2748 canutn.

139 2783 191 2838 595
204 2775 265 2834 Aut
278 2781 311 2833 ut
323 2773 493 2834 Trinacrius
508 2775 600 2834 salius
615 2789 710 2847 super
723 2787 778 2831 ora
795 2771 935 2844 gigantis,

244 2854 375 2916 Plurima
392 2871 453 2935 qua
467 2856 605 2916 flammas
621 2854 739 2916 Sicanis
754 2855 854 2913 Aetna
865 2854 970 2914 vomit

205 2938 414 3015 Diripiantque
430 2946 501 3000 tuos
517 2940 633 3000 insanis
647 2935 799 3012 unguibus
814 2943 898 2998 artus

245 3022 437 3103 Strymoniae
451 3029 579 3096 matres,
596 3020 735 3097 Orpheos
749 3035 821 3080 esse
834 3027 929 3086 ratae.

202 3104 295 3165 Natus
310 3112 342 3164 ut
355 3107 502 3166 Althaeae
515 3104 645 3165 llamtnis
663 3103 839 3164 absentibus
855 3104 938 3177 arsit,
997 3177 1001 3187 ἦ

138 3194 194 3250 500
248 3187 298 3249 Sic
310 3195 380 3249 tuus
397 3190 538 3250 ardescat
557 3188 667 3264 stipitis
681 3187 751 3262 igne
764 3203 867 3262 rogus.

201 3271 242 3332 Ut
255 3286 335 3329 nova
347 3272 494 3333 Diraslaca
508 3282 689 3348 comprensa
704 3278 752 3332 est
764 3275 859 3347 nupta
873 3283 995 3340 corona,

245 3354 346 3429 thue
361 3363 447 3429 pater
460 3363 586 3431 nuptae,
602 3370 731 3429 cumque
749 3351 1014 3431 parentemque:

202 3438 241 3497 Ut
255 3446 346 3497 cruor
358 3438 523 3500 Herculeos
538 3438 611 3499 abiit
624 3436 753 3498 diffusus
769 3438 799 3497 in
813 3443 911 3496 artuse

244 3520 379 3597 Corpora
392 3522 567 3597 pestiferum
582 3523 627 3585 sic
639 3529 692 3584 tua
707 3522 789 3582 virus
805 3519 883 3580 edat.

1170 3304 1289 3782 l
