2598 3812
182 195 244 263 loo
616 195 774 257 lBlDlS·

307 347 445 423 Corpora
457 359 528 409 cum
541 343 626 406 senis
641 346 826 409 alterasene
839 362 962 424 royama

202 438 254 495 375
270 431 309 494 Ut
322 446 421 506 quos,
435 428 560 490 obscuri
574 431 674 491 victos
689 430 868 505 amhagibus
884 433 957 503 oris,

306 513 447 589 Legimus
462 512 606 575 infandae
619 513 759 590 Sphinge
771 515 899 577 dedisse
911 513 993 575 neci:
1037 570 1041 579 ,

263 598 304 658 Ut
318 597 370 672 qui
384 595 543 657 Bistoniae
555 599 669 672 templo
685 597 824 658 cecidere
837 597 1002 670 Minervae,

303 679 431 765 Propter
444 679 532 753 quod
545 680 640 742 iacies
654 696 735 741 nuuc
750 697 877 756 quoque
891 697 984 743 vorsu
996 681 1074 743 deae
1088 688 1152 742 esc:

265 764 305 826 Ut
319 765 370 839 qui
384 762 513 825 Threicii
527 764 685 836 quondam
698 765 862 839 praesepia
875 764 956 839 regis

183 919 186 927 ,
200 856 253 913 380
307 847 458 907 Fecerunt
470 845 603 921 dapibus
617 846 851 921 sanguinolento
863 848 946 911 sulse

261 930 540 991 Therodamanteos
554 937 587 990 ul
602 930 656 1004 qui
669 944 796 993 sensere
809 931 932 993 leonem

304 1013 423 1088 Quique
436 1010 610 1075 Thoanteae
623 1013 752 1077 Taurica
765 1030 855 1077 sacra
868 1015 961 1077 deae=

262 1097 301 1159 Ut
315 1111 395 1171 quos
410 1094 517 1173 Scylla
529 1112 645 1170 vorax,
661 1096 847 1173 Scyllaeque
867 1097 999 1159 adverse
1014 1097 1186 1175 Charybdis

304 1178 463 1241 Dulichiae
476 1179 609 1254 pavidos
623 1178 764 1254 eripuere
777 1180 849 1241 ralia

196 1269 248 1325 385
262 1263 303 1323 Ut
317 1277 396 1337 quos
411 1261 532 1325 demisit
545 1270 666 1327 vestam
679 1262 889 1340 Polyphemus
902 1263 934 1323 iu
948 1263 1066 1327 mvume

303 1345 343 1407 Ut
356 1346 593 1423 Laestrygonias
608 1347 665 1421 qui
677 1346 799 1411 subiere
812 1362 940 1409 marrus:

225 1475 227 1483 .
261 1428 301 1490 Ut
316 1444 395 1504 quos
410 1428 475 1489 dux
486 1429 609 1493 Poenus
623 1429 729 1491 mersit
742 1428 916 1505 putealibus
929 1426 1030 1502 undis,

301 1511 340 1572 lit
352 1512 431 1573 iacto
447 1528 541 1573 canas
555 1514 682 1588 pulvere
695 1513 767 1574 lecit
779 1529 888 1587 aquas.

261 1594 324 1658 Sex
338 1594 386 1655 his
405 1602 439 1656 ut
451 1595 590 1659 Icaridos
604 1597 737 1675 famulae
752 1597 870 1672 periere
884 1595 1042 1672 proelque,

197 1693 250 1748 390
304 1679 402 1753 Inque
417 1685 510 1753 cuput
523 1679 638 1739 domini
654 1680 707 1755 qui
722 1680 913 1743 debetorum
927 1679 1046 1754 procis:

261 1762 300 1825 Ut
314 1763 392 1823 iucel
405 1762 506 1825 Aonio
522 1763 653 1824 luctator
666 1762 705 1822 ab
720 1762 843 1837 hospite
858 1763 956 1837 tusus,

302 1846 389 1920 Qui...
404 1844 541 1907 mirum...
557 1843 669 1920 victor,
685 1861 756 1909 cum
769 1845 946 1917 cecidisset,
962 1852 1041 1906 eretz
1144 1896 1151 1911 .

257 1928 298 1989 Ul
312 1945 392 2005 qnos
405 1929 516 1989 Antaei
531 1928 627 1991 sortes
642 1943 786 2003 pressere
801 1929 920 1991 lacertis

301 2012 449 2086 Quosque
463 2012 548 2072 ierne
561 2013 651 2072 morti
665 2010 790 2075 Lcmnia
802 2012 893 2075 turba
907 2011 1008 2073 dedite

193 2105 245 2162 395
260 2094 300 2156 Ut
315 2095 367 2169 qui
382 2100 453 2168 post
465 2094 608 2169 longum,
624 2096 705 2157 sacri
719 2101 904 2157 monstrator
916 2093 1021 2170 iniqui,

299 2176 410 2237 Elicuit
421 2177 545 2252 pluvias
559 2178 682 2238 victima
694 2193 808 2239 caesus
821 2195 936 2253 aquas:

254 2260 359 2320 Frater
371 2266 405 2320 ut
416 2260 526 2323 Antaei
541 2278 604 2335 quo
619 2261 767 2336 sanguine
781 2260 901 2333 debuit,
917 2277 987 2325 aras

296 2343 403 2417 Tinxit,
419 2350 450 2403 et
463 2345 612 2419 exemplis
627 2345 738 2405 occidit
751 2345 820 2420 ipse
835 2344 919 2411 suiss
1165 2416 1168 2423 Ι

254 2425 294 2488 Ut
308 2426 360 2502 qui
375 2427 522 2487 terribiles
536 2443 593 2503 pro
607 2444 732 2505 mamea
746 2427 931 2493 habentibus
944 2425 1048 2489 herbis

192 2517 245 2572 400
300 2510 415 2586 Impius
429 2510 563 2571 humone
578 2512 697 2573 viscere
711 2513 796 2588 pavit
809 2528 925 2586 equosa
984 2518 990 2530 ’

254 2593 294 2655 Ut
307 2593 369 2655 duo
385 2594 517 2655 diversis
531 2594 590 2656 suh
606 2596 717 2665 eodem
730 2595 853 2657 vindice
868 2594 951 2655 caesi

296 2677 482 2738 Vulneribus
496 2677 631 2751 Nessus,
645 2679 876 2752 Dexamenique
889 2694 998 2753 gener:
1102 2750 1106 2755 y

253 2760 293 2822 Ut
308 2777 479 2837 pronepos,
496 2759 642 2833 Saturne,
658 2769 745 2834 tuus,
760 2777 853 2836 quern
865 2761 995 2827 reddere
1008 2760 1102 2823 vitem

295 2842 378 2903 Urbe
392 2844 561 2906 Coronides
575 2845 651 2905 vidit
664 2846 704 2911 eb
716 2845 787 2919 ipse
798 2861 873 2905 sues

189 2926 240 2983 loe
254 2924 294 2986 Ut
309 2925 389 2986 Sinis
404 2934 434 2986 et
448 2926 556 2988 Sciron
571 2936 601 2988 et
615 2945 684 2993 curn
696 2928 905 3005 Polypemone
919 2933 1026 2991 nolus:

293 3008 412 3082 Quique
425 3008 517 3071 homo
533 3020 620 3086 perte
633 3013 698 3084 sui,
714 3019 800 3086 parte
814 3012 963 3073 iuvencus
978 3016 1057 3071 eretz

250 3091 369 3166 Quique
382 3091 484 3152 trabes
498 3110 625 3168 pressas
640 3095 678 3157 ab
693 3096 785 3157 humo
801 3095 980 3157 mittebatis
995 3107 1101 3157 aurose

290 3174 445 3250 Aequoris
460 3176 615 3250 aspiciens
629 3179 722 3239 huius
737 3185 768 3237 et
781 3178 871 3239 huius
885 3194 1003 3252 equas=
1166 3188 1169 3193 '

249 3257 396 3334 Quaeque
410 3259 501 3318 Ceres
515 3259 595 3320 laeto
610 3262 686 3321 vidit
698 3260 858 3334 pereuntia
871 3261 959 3323 vultu

184 3350 238 3404 410
293 3341 430 3416 Corpora
442 3341 562 3402 Tbesea
577 3344 756 3421 Cercyonea
769 3359 871 3403 manu.

248 3423 332 3486 Haec
346 3424 414 3501 tihi,
430 3432 524 3502 quem
536 3426 650 3489 merhm
664 3424 809 3502 precibus
823 3440 894 3487 mee
906 3424 1042 3487 devovet
1054 3422 1108 3496 irn,
