2598 3812
574 203 800 305 talsrlubt
816 222 822 237 ¹

303 357 447 434 Qumvts
461 357 521 420 hee
535 359 585 419 vei
600 374 649 420 me
663 358 989 436 sairetaeautepotet.
1020 378 1022 381 ·
1064 412 1067 423 .
1119 416 1122 425 .

264 442 337 504 Sum
348 443 449 502 miser.
464 442 540 503 haee
551 443 657 502 brevia
666 449 713 502 est
721 448 892 503 assuerum
902 442 1192 507 suumomaiorumr
1294 456 1295 471 ¹

304 526 447 600 Quisquis
462 533 494 586 et
506 525 626 587 offenso
642 526 773 586 Caeam
785 524 877 600 vivet,
898 529 964 589 erit

261 610 361 671 Turba
374 609 548 670 Tomitanae
563 625 642 684 quae
657 610 696 670 sit
709 609 844 684 regionis
859 617 889 669 et
902 610 980 673 inter
1095 653 1099 659 -

221 703 255 756 to
305 693 387 768 Quos
402 692 533 752 habitem
547 708 659 764 mores,
682 693 889 753 discereaura
902 693 955 759 tibi
970 699 1039 755 estt

260 777 355 836 biixta
369 775 408 836 sit
422 775 498 834 baec
513 776 654 850 quamvis
667 776 745 836 inter
758 774 955 853 Graecosque
969 777 1133 852 dausque,

300 861 329 919 A
343 861 422 918 maie
435 860 553 934 pacatis
569 860 637 934 plus
652 859 743 919 trahit
755 873 811 919 ora
825 858 919 923 Getis.
973 884 977 895 ·

245 942 447 1011 ⁴Sarmaticae
462 943 559 1002 maior
573 942 758 1018 Geticaeque
771 944 943 1016 frequentia
956 943 1055 1018 gentis

299 1025 358 1085 Per
370 1024 487 1085 medias
502 1026 531 1085 in
547 1026 636 1101 equis
651 1025 737 1101 itque
748 1025 891 1101 reditque
905 1028 982 1089 vias.

219 1125 252 1177 15
262 1112 294 1171 ln
311 1109 421 1185 quibus
437 1116 484 1168 est
497 1124 596 1184 nemo,
619 1111 671 1184 qui
686 1126 750 1171 noa
763 1116 892 1188 coryton
906 1118 937 1172 et
948 1126 1054 1172 usum

296 1193 430 1268 Telaque
443 1192 569 1268 vipereo
584 1193 682 1253 lurida
696 1194 767 1255 ieiie
780 1200 875 1267 gerat.
1130 1260 1140 1271 a

259 1278 331 1337 Vox
344 1277 418 1348 iera,
440 1282 509 1335 trux
523 1277 633 1351 vuitus,
657 1276 816 1337 verissima
829 1276 935 1339 Martis
948 1277 1064 1352 imagoz

297 1360 364 1419 Non
380 1372 475 1433 coma,
498 1375 559 1420 non
573 1360 635 1420 ulia
648 1359 875 1421 barbarossae
888 1375 994 1421 manua

258 1442 390 1503 Dextera
403 1458 465 1502 uon
479 1443 583 1516 segnis
598 1442 661 1503 fixo
679 1442 753 1502 dare
767 1444 894 1505 vulnera
908 1444 1013 1517 cultro,

149 1586 154 1597 ,
217 1539 253 1592 20
304 1526 399 1598 Quem
412 1526 546 1587 vinetum
558 1527 643 1587 lateri
660 1525 806 1587 barbarus
821 1528 920 1589 orauis
934 1525 1035 1586 babet.
1093 1550 1096 1559 ⁴

261 1609 341 1670 tivit
355 1610 384 1668 ia
399 1609 447 1669 his
460 1609 521 1693 heu
534 1609 627 1685 Naso,
643 1620 773 1671 'suoram
788 1609 899 1671 obiitus
915 1616 1066 1673 amorum

296 1693 362 1754 Hos
376 1693 467 1768 videt,
483 1693 548 1775 iios
562 1701 649 1755 vates
664 1694 758 1769 audit,
779 1693 886 1765 autea
908 1699 995 1763 toust

257 1778 359 1851 Atque
373 1779 487 1836 utinam
501 1778 585 1837 vivat
598 1793 660 1838 non
674 1784 705 1837 et
719 1777 863 1838 moriatur
877 1776 908 1836 in
923 1776 992 1852 illis,

298 1860 388 1920 Absit
402 1859 440 1920 ab
455 1861 562 1921 invisis
577 1867 608 1921 et
620 1867 720 1920 tamen
734 1859 841 1920 umbra
853 1859 945 1925 torisa

215 1942 400 2005 saturnina
415 1944 499 2018 quod
513 1945 605 2020 pleno
620 1944 723 2004 sattari
738 1950 842 2003 uosba
856 1943 983 2018 desae,

296 2026 447 2086 Versibus
462 2034 493 2087 et
506 2027 610 2102 plaudi
625 2025 743 2101 scribis,
761 2027 867 2100 amice,
888 2027 981 2087 meisa

256 2108 304 2168 Nil
318 2110 458 2182 equidem
473 2110 569 2175 feei...
581 2116 614 2170 tu
629 2110 692 2170 seis
706 2110 765 2170 hoc
779 2110 883 2186 ipse...
897 2110 1033 2188 theatris,

295 2191 385 2252 Musa
398 2207 454 2252 nee
469 2193 499 2251 in
514 2194 643 2269 plausus
657 2192 816 2255 ambitiosa
829 2209 898 2255 maa
910 2201 968 2254 est.

255 2275 322 2336 Nou
335 2282 435 2336 tamen
449 2276 597 2351 ingratum
611 2284 666 2348 est,
687 2277 901 2354 quodcumque
915 2276 1028 2341 oblivia
1039 2280 1138 2341 uestri

213 2367 249 2471 qo
299 2358 429 2434 impedit
442 2366 471 2420 et
484 2361 604 2435 profugi
618 2376 728 2421 nomen
743 2361 774 2421 in
790 2377 844 2422 ora
857 2361 959 2421 refert

256 2441 399 2518 Quamvis
414 2443 574 2517 interdum,
596 2459 675 2520 quae
688 2459 738 2504 me
751 2444 882 2505 laesisse
894 2443 1050 2519 recordor,

296 2525 434 2587 Caudina
448 2527 587 2588 devoveo
602 2527 800 2603 Pieridasque
814 2544 926 2591 measa·
1078 2588 1082 2599 Α

223 2679 227 2688 ,
255 2607 421 2669 Cambone
435 2610 557 2684 devovi,
579 2626 699 2685 nequeo
714 2618 815 2671 maen
829 2626 902 2672 esse
915 2611 983 2672 sine
996 2610 1066 2686 illis,

294 2692 542 2770 Vulneribusque
556 2695 632 2754 meis
647 2696 707 2755 tela
720 2701 846 2757 eruenta
860 2710 984 2769 sequor.

212 2784 246 2839 35
258 2772 404 2851 Quaeque
417 2779 509 2839 modo
524 2776 669 2839 Euboicis
683 2778 815 2838 lacerata
829 2785 877 2839 est
890 2777 1046 2852 fluetibua'
1064 2775 1155 2840 audet

296 2859 386 2919 Graia
400 2860 586 2937 Capheream
600 2877 721 2922 currere
734 2861 847 2937 puppis
862 2877 982 2936 aquam.

254 2941 316 3002 Nec
330 2949 439 3019 amen,
460 2950 493 3004 ut
505 2945 620 3019 laudea
642 2945 735 3019 vigilo
752 2960 918 3020 auramque
932 2942 1021 3006 futuri
1042 2966 1046 2975 ¹

179 3056 180 3059 κ
294 3024 438 3100 Neminie,
458 3028 560 3088 utilius
576 3027 658 3103 quod
672 3029 820 3103 latuisset,
842 3043 912 3103 ago.

253 3109 380 3171 Detineo
394 3110 502 3170 studiis
518 3111 649 3171 animum
663 3112 799 3186 falloque
812 3111 947 3187 dolores,

211 3201 246 3255 40
295 3192 446 3268 Experior
459 3194 540 3253 euris
555 3200 585 3254 at
599 3194 672 3255 dare
687 3195 781 3254 verba
793 3194 880 3257 meis.
962 3244 967 3249 .

252 3275 330 3350 Quid
344 3277 445 3351 potius
461 3276 570 3339 iaoiam
584 3277 715 3338 desertis
730 3277 816 3337 sotus
830 3276 861 3339 ia
876 3278 948 3351 oris,
993 3316 996 3323 «

293 3358 428 3430 Quamve
442 3361 528 3419 matis
543 3359 632 3419 aliam
646 3373 794 3433 quaerere
808 3373 902 3423 eona
916 3366 1029 3437 opstat
1045 3400 1049 3411 .
1145 3392 1158 3437 ,-

251 3439 325 3503 Siva
336 3442 438 3504 losum
452 3450 568 3521 specto,
587 3441 675 3505 totus
689 3432 933 3520 est'inamahitis,
953 3449 984 3504 et
998 3457 1060 3520 quo
