2582 3810
144 227 188 299 ιι
494 284 500 293 .
530 230 755 311 retertur

265 380 328 447 Nee
342 378 571 456 tinterniae,
593 396 672 458 quae
687 382 745 447 tuit
731 387 836 458 tante,
857 389 996 446 monet
1048 418 1075 439 .-

228 465 372 539 Quaeque
386 465 435 531 sui
447 465 545 529 iussie
552 465 745 542 obtemperat
759 467 836 531 Inda
848 467 983 542 negem

264 548 368 621 Belua,
389 550 697 625 servitiumtempore
711 550 898 614 vietesubit
994 600 996 609 ,

226 633 567 708 peripneumonia
582 642 703 706 tument,
727 635 807 709 feeit,
829 649 890 695 uve
903 635 1043 708 ιιιιιιιι,

184 729 220 783 10
268 715 391 790 Vixque
403 732 524 779 merum
533 718 656 794 repient
670 734 773 793 grene,
798 719 890 793 quod
895 718 977 779 intus
991 718 1112 780 hubent

227 801 359 874 Tempus
375 801 425 858 ιι
418 817 448 859 m
463 816 557 877 eunus
571 816 680 877 semen
692 801 836 878 producit
847 802 968 876 arietes,

265 883 520 960 mouumenti
535 894 764 961 pomateapore,
787 885 868 948 feeit.
1070 892 1073 899 '

225 967 292 1027 Hoc
305 972 409 1028 tenuat
423 968 544 1033 dentem
557 970 827 1037 terremtindeotie
841 969 944 1044 aratri,

266 1051 333 1111 Hoe
345 1050 462 1125 rigidae
476 1053 592 1126 silices,
610 1053 670 1114 hee
685 1055 849 1118 adamante
860 1053 937 1115 terit

184 1145 218 1200 15
228 1133 295 1194 Hoc
309 1132 399 1195 atam
410 1151 521 1199 saeuae
536 1137 682 1213 paulatim
694 1137 810 1212 mitiget
823 1139 894 1209 iras,

266 1217 333 1278 Hee
345 1219 452 1279 minuit
465 1221 563 1280 luetur
576 1228 755 1296 maestaque
769 1221 865 1281 eorda
878 1222 970 1282 leret

228 1300 340 1361 Cuncta
354 1309 456 1377 potest
471 1304 570 1380 igitur.
574 1305 665 1365 taeito
681 1305 760 1380 pede
774 1304 862 1380 lapsa
877 1312 1012 1369 uetustas

269 1383 484 1461 Praeterquam
498 1404 588 1448 eures
604 1395 759 1449 attenuere
774 1402 869 1448 meos

226 1466 266 1528 Ut
279 1470 377 1543 patria
391 1486 491 1545 cereo,
511 1472 559 1531 bie
575 1471 711 1546 frugibus
727 1487 799 1531 eree
812 1472 881 1531 trita
896 1479 953 1547 est,

100 1620 104 1633 y
182 1551 406 1616 ιοιιιιιιιιιιι
417 1556 500 1616 nudo
516 1569 626 1630 pressa
638 1555 687 1615 bis
702 1572 764 1616 uva
777 1539 866 1630 poue.

176 1560 287 1696 2⁰Nee
301 1638 439 1711 quaesita
450 1645 552 1699 tamen
564 1640 665 1715 spatio
680 1639 826 1715 patientia
838 1640 931 1713 longo
946 1646 1002 1714 est,

266 1719 415 1796 Meneque
429 1724 502 1782 mati
516 1738 642 1783 sensum
655 1728 762 1785 nostra
775 1724 907 1783 recentis
920 1723 1020 1784 hahet.

226 1801 349 1866 Scilicet
364 1812 394 1865 et
406 1813 528 1867 veteres
543 1806 661 1882 tugiunt
675 1807 748 1880 iuga
761 1818 857 1881 saepe
870 1807 999 1881 iuvenci,

178 1912 180 1919 ·
265 1887 304 1947 Et
318 1889 449 1949 domitus
464 1890 550 1949 freno
566 1904 663 1964 saepe
675 1896 824 1965 repugnat
838 1905 947 1965 equum

182 1974 217 2032 ιι
227 1970 413 2033 Tristiorem
426 1973 517 2034 etiam
531 1988 678 2049 ιιιιιιιιιι
693 1987 839 2033 aerumna
853 1975 968 2048 priore=

140 2062 143 2066 “
265 2054 305 2114 Ut
317 2055 357 2115 sit
371 2057 451 2115 enim
466 2057 524 2116 silei
538 2072 603 2131 per,
626 2058 723 2119 erevit
734 2062 765 2116 et
778 2064 867 2116 auete
880 2072 967 2119 mora
979 2064 1035 2116 est

224 2136 286 2196 Nee
299 2145 360 2197 tam
375 2140 541 2215 notamini,
564 2155 656 2214 quam
670 2145 750 2211 sunt,
769 2140 849 2199 mala
863 2147 968 2200 nostra
981 2141 1108 2212 fuerunt,

266 2218 327 2281 Sed
342 2223 440 2298 magia
453 2222 523 2297 hoe,
543 2240 606 2298 quo
621 2230 692 2283 suut
705 2224 881 2297 cognitiora,
901 2232 1038 2298 gravant

223 2302 279 2364 Est
293 2322 415 2380 quoque
429 2321 493 2367 nou
506 2306 670 2381 munierum,
690 2305 774 2366 uires
787 2305 898 2367 efferre
911 2316 1059 2381 recentem

181 2394 217 2450 30
264 2387 327 2451 Νιι
341 2396 629 2465 praeconsumptum
643 2390 789 2466 temporis
804 2392 987 2455 essentiis.
1093 2424 1098 2435 =

223 2471 342 2532 Fortior
355 2474 385 2531 in
401 2475 485 2534 fulva
498 2488 597 2534 novus
612 2482 660 2534 est
672 2476 802 2534 luctator
814 2490 916 2549 erere,

262 2558 359 2634 Quam
374 2557 423 2618 eui
437 2557 608 2618 suuttarde
622 2557 747 2618 brachia
761 2558 953 2623 sessanum

222 2637 343 2715 Integer
356 2648 404 2700 est
417 2641 524 2700 melior
537 2641 647 2701 nitidis*
655 2641 805 2717 gladiator
818 2642 849 2701 in
862 2643 965 2713 aruris,

161 2746 167 2757 ·
261 2721 356 2795 Quam
370 2726 420 2785 eui
432 2725 493 2787 tela
507 2738 565 2785 suo
581 2726 728 2800 sangiune
742 2726 836 2789 ιιιιιι
847 2727 967 2786 rubent.

180 2813 214 2869 ιι
224 2803 294 2865 Fert
306 2805 385 2867 bene
399 2808 583 2885 praecipites
598 2809 689 2869 nauis
700 2810 795 2870 modo
808 2810 889 2871 taeta
902 2807 1066 2884 proeellas:

264 2888 433 2964 Quamlibet
448 2893 560 2968 exiguo
574 2894 703 2953 uoluitur
714 2893 812 2953 imbre
825 2900 923 2953 uetus.
954 2892 957 2899 ⁴

222 2972 285 3035 Nos
301 2990 426 3051 quoque
439 2992 525 3050 quae
532 2977 670 3051 ferinum*
685 2978 808 3038 mlinms
822 2975 984 3052 patientius
998 2982 1067 3035 ente

264 3056 359 3132 Quam
372 3060 452 3117 mala
466 3067 537 3119 sunt
550 3061 642 3135 longa
655 3061 851 3137 multiplicata
865 3059 925 3118 die.

223 3141 352 3229 Credite,
372 3141 493 3203 deficio.
522 3152 691 3220 nostroque
705 3160 724 3204 ι
738 3158 867 3220 corpere
882 3148 1027 3218 quantum

173 3229 233 3285 to
254 3214 405 3303 Auguror,
425 3226 573 3287 accedent
585 3235 725 3303 tempore
737 3244 833 3324 parva
847 3227 946 3287 melre

219 3308 294 3369 Nam
308 3326 410 3386 neque
423 3317 493 3371 aaut
507 3311 599 3388 vires,
621 3326 677 3371 nee
692 3313 747 3386 qui
763 3313 850 3373 eolor
862 3319 938 3379 ιιιι
944 3310 1077 3377 uolebat

259 3391 320 3452 Vix
334 3392 432 3456 habeo
447 3402 577 3466 tenuem
601 3412 680 3472 quae
694 3402 776 3471 tegat
790 3398 874 3470 osse
894 3384 1034 3463 omem

216 3472 363 3551 Corpore
367 3479 426 3539 sed
437 3494 523 3540 meus
539 3488 588 3540 est
599 3494 694 3556 aegro
706 3479 804 3557 magis
818 3490 919 3559 aegre,
940 3474 1073 3554 melitem
