2582 3810
455 175 511 251 111,
532 176 569 251 6,
588 173 708 252 27-8,
729 177 759 240 8.

226 330 300 404 Aut,
313 327 367 391 ubi
381 344 533 406 caesares,
547 340 643 391 cauea
655 327 777 392 mborie
788 343 883 390 arna

184 411 327 475 Forsitan
340 413 492 488 exemplo,
508 413 581 489 quia
593 427 645 473 me
656 414 774 475 laesere
786 412 890 486 libelli,
921 427 929 438 ·

226 498 272 558 To
286 511 411 573 quoque
427 496 472 557 sis
486 511 605 572 poenae
619 497 701 556 iacta
714 497 803 557 ruina
814 506 911 555 meae.
1068 531 1110 543 -

22 584 23 629 l
185 579 278 653 Pone,
292 580 409 653 Perille,
425 586 546 640 metum.
566 580 775 641 tantummodo
789 578 901 638 lamina
915 594 976 640 non
991 578 1031 639 sit

134 669 170 723 30
224 664 329 738 Davia,
342 678 399 724 nec
413 663 536 737 scriptis
551 663 651 723 discat
663 678 765 725 amare
778 661 848 722 tuis.
1012 680 1016 689 ·

185 741 266 820 Ergo
282 747 419 807 desidiae
432 760 566 818 reinone,
581 746 769 818 doctissima,
786 760 907 820 causae,

226 830 323 905 Inque
336 830 435 890 honos
450 835 576 909 artaret
590 836 641 889 tua
655 845 744 889 sacra
758 828 833 889 redi.

186 912 249 973 Ista
263 914 377 973 decens
393 913 487 973 iacies
502 911 602 985 longis
617 912 771 973 vitiabitur
786 912 884 985 annis,

227 997 376 1071 Rugaque
389 995 421 1056 in
435 995 560 1070 antiqua
573 995 673 1059 fronte
687 996 792 1057 senilis
808 995 878 1055 erite

135 1086 170 1140 35
185 1079 351 1154 inicietque
363 1095 486 1139 manum
501 1079 617 1139 formae
631 1077 781 1139 damnose
794 1085 949 1152 senectus,

228 1162 313 1235 Quae
329 1163 488 1237 strepitum
501 1176 598 1237 passu
613 1177 674 1222 non
690 1161 821 1221 iaciente
836 1162 928 1222 uenit.

187 1245 323 1320 Cumque
336 1245 447 1320 aliquis
461 1246 542 1307 dicet
555 1245 636 1305 ‘Fuit
646 1243 728 1304 haec
741 1244 898 1317 formosa’,
913 1243 1042 1317 dolebis,

225 1328 263 1387 Et
277 1330 436 1403 epecruum
451 1328 584 1388 mendax
599 1343 670 1388 esse
685 1343 815 1402 querere
828 1335 922 1389 tuum.

188 1410 265 1473 Sunt
280 1412 333 1472 tibi
347 1428 424 1486 opes
439 1412 587 1483 modicae,
604 1422 673 1470 cum
688 1411 732 1471 sis
750 1411 928 1486 manissime
941 1410 1074 1486 magnise
1182 1416 1187 1423 '

21 1544 23 1549 .
133 1502 170 1558 40
219 1494 315 1570 Finge
331 1496 388 1557 sed
402 1495 549 1555 inmensis
566 1494 710 1555 censibus
725 1510 797 1554 esse
811 1511 912 1570 pares,

186 1577 301 1652 Nempe
315 1578 367 1638 dat
382 1578 415 1639 id
430 1579 609 1651 cmcumque
623 1577 697 1638 libet
710 1579 833 1639 fortuna
845 1578 996 1653 rapitque,

225 1662 292 1721 Irus
308 1668 338 1721 et
353 1669 402 1722 est
417 1662 528 1733 subito,
545 1660 598 1735 qui
612 1660 706 1720 modo
721 1661 854 1722 Croesus
871 1667 946 1721 erat.

188 1743 313 1821 Singula
327 1745 401 1820 quid
415 1746 568 1804 releramt
588 1744 629 1802 nil
643 1760 705 1804 non
720 1747 847 1805 mortale
859 1752 999 1805 tenemus

228 1827 364 1889 Pectoris
378 1826 516 1903 exceptis
530 1827 706 1902 ingeniique
720 1827 818 1888 bonis.

136 1926 171 1978 45
184 1910 231 1971 En
247 1926 314 1986 ego,
329 1927 399 1972 cum
413 1911 512 1987 patrie
526 1926 646 1970 caream
659 1910 813 1985 vobisque
827 1911 990 1991 domoque,

20 2058 22 2075 ,
225 1997 388 2071 Raptaque
402 1997 470 2070 sint,
486 1993 577 2055 adimi
591 2009 671 2070 quae
686 2002 813 2068 potuere
828 1994 909 2066 mihi,

20 2078 22 2093 '
138 2111 141 2116 .
185 2078 312 2152 Ingenio
325 2086 425 2139 tamen
438 2080 507 2154 ipse
520 2093 588 2138 meo
604 2077 795 2153 comitorque
809 2081 971 2152 fruorquee

228 2161 341 2222 Caesar
354 2162 386 2221 in
398 2162 458 2223 hoc
473 2161 571 2237 potuit
583 2161 659 2220 iaris
676 2160 791 2221 habam
804 2163 887 2222 nihil.

184 2244 317 2318 Quilibet
330 2245 410 2305 hunc
426 2260 523 2305 saevo
535 2244 627 2303 vitam
640 2243 714 2303 mihi
730 2245 815 2306 finiat
829 2260 913 2320 ense,

135 2341 171 2395 50
222 2328 272 2387 Me
285 2334 384 2389 tamen
402 2328 535 2390 extincto
550 2328 632 2387 loma
644 2335 804 2407 superstes
819 2330 884 2403 erit,

186 2410 328 2487 Dumque
343 2412 410 2472 suia
425 2418 544 2486 septem
558 2410 668 2469 victrix
683 2410 724 2470 de
737 2413 890 2475 montibus
906 2412 1011 2473 orbem

226 2494 397 2570 Prospiciat
410 2495 555 2557 domitum
568 2493 676 2553 Martia
689 2494 796 2567 Roma,
805 2497 905 2569 legar.

186 2577 230 2637 Tu
245 2594 378 2654 quoque,
393 2595 486 2654 quam
500 2577 592 2637 studii
609 2586 729 2639 maneat
743 2580 860 2640 felicior
875 2594 960 2652 usus,

161 2690 163 2695 ·
226 2660 336 2737 Effuge
349 2669 506 2737 venturos,
522 2677 584 2735 qua
598 2666 698 2735 polee,
709 2678 809 2739 usque
822 2668 933 2736 rogos!

20 2902 21 2917 χ
123 2788 166 2889 8·
182 2787 275 2888 Nunc
290 2843 349 2903 ego
363 2828 539 2903 Triptolemi
554 2847 699 2907 caperem
714 2829 922 2892 conscendere
937 2845 1055 2902 corrue,

220 2910 303 2972 Misit
315 2913 348 2971 in
360 2912 494 2986 ignotam
509 2916 561 2988 qui
575 2917 653 2976 rude
667 2929 772 2975 sennen
787 2913 921 2974 humum.

184 2993 270 3055 Nunc
284 3011 343 3070 ego
356 2994 485 3055 Medeae
500 2997 608 3057 vellem
623 3000 744 3058 frenare
759 2997 921 3070 dracones,

224 3078 308 3151 Quos
322 3077 429 3139 hahuit
443 3078 564 3153 lugiens
577 3096 658 3157 area,
673 3080 823 3155 Corinthe,
837 3089 898 3141 tua.

150 3159 267 3221 illunc
280 3177 339 3236 ego
352 3162 512 3223 iactandas
530 3172 668 3238 optarem
683 3180 804 3225 sumere
819 3179 949 3238 pennas,

20 3232 22 3311 l
227 3243 300 3305 Sive
314 3252 392 3319 mas,
407 3244 532 3320 Persen,
546 3247 691 3321 Daedale,
708 3248 777 3308 sive
789 3254 873 3307 tuaac

183 3327 224 3388 Ut
237 3334 343 3388 tenera
355 3329 469 3390 nostris
484 3331 612 3391 cedente
625 3330 778 3390 mladbm
793 3344 872 3391 aura

225 3411 405 3488 aspicerem
419 3412 538 3488 patriae
551 3414 644 3474 dulce
655 3421 783 3490 repente
797 3413 908 3486 solnm,
