2598 3812
181 190 223 256 id
543 211 546 225 ¹
568 188 793 253 TRISTIUM

214 350 248 406 10
303 340 439 417 Sumque
451 340 618 416 argumenti
632 339 771 401 eonditor
785 337 852 413 ipse
866 339 935 398 mei.

261 426 362 500 thue
376 426 479 485 iacens
493 424 560 498 ripa
575 421 689 481 deflere
704 422 860 497 Caystrius
874 422 939 482 ale's

287 508 418 568 ‚Dicitur
432 522 485 567 ore
499 521 585 565 suam
601 504 760 583 deliciante
774 516 889 577 necem,

264 590 314 652 Sic
329 606 402 666 ego,
418 588 601 650 Sannaticas
616 588 707 662 longe
720 588 875 663 proiectus
888 588 920 648 in
935 601 1015 662 oras,

302 674 425 746 Eiflcio,
439 671 561 731 tacitum
577 686 616 730 ne
631 669 702 729 mihi
717 671 807 731 iulius
821 679 879 732 eat
933 744 937 750 ¹

211 764 245 818 15
258 756 389 818 Delicias
404 755 501 829 siquis
515 754 692 828 lascivaque
707 754 841 814 carmina
855 755 980 828 quaerit,

301 840 535 907 praemoneam...
551 852 714 911 numquam
728 838 843 912 scripta
858 839 941 912 quod
959 839 1019 897 ista
1033 837 1144 913 legat...

259 923 367 999 Aptior
380 920 450 980 huic
470 920 574 980 Gallus
592 919 757 995 blandique
769 920 943 996 Propertius
960 921 1045 995 oris.

300 1006 337 1065 Et
349 1006 468 1081 plures,
483 1018 612 1079 quorum
625 1004 750 1063 nomina
762 1019 872 1079 magna
884 1005 996 1079 vigam.

259 1089 360 1163 Atque
373 1087 487 1147 utinam
501 1102 625 1148 numero
639 1102 679 1146 nc
695 1100 752 1148 nos
770 1100 910 1147 essemus
926 1089 958 1147 in
971 1089 1046 1148 isto!

210 1176 246 1232 ‘lo
299 1171 334 1230 Ei
349 1170 436 1245 mihi,
455 1186 509 1230 cur
522 1184 666 1246 umquam
679 1170 768 1231 Musa
781 1173 881 1231 iocata
894 1186 963 1230 roca
976 1177 1046 1231 ests

260 1253 322 1315 Sed
341 1253 480 1314 dedimus
496 1268 629 1329 poenas,
644 1253 840 1329 Scythicique
854 1254 886 1313 in
899 1253 1012 1316 linibus
1025 1254 1120 1317 Histri

301 1339 354 1397 lile
368 1336 531 1413 pharetrati
546 1337 632 1398 lusor
644 1337 767 1398 Amoris
784 1337 881 1396 abest.

259 1419 346 1496 Quod
361 1426 516 1495 superest,
536 1421 654 1481 animos
669 1421 709 1480 ad
723 1420 846 1496 publica
860 1419 994 1480 earmina
1006 1419 1090 1494 flexi,

299 1502 336 1563 Et
348 1516 499 1563 memores
514 1501 589 1564 iussi
604 1504 733 1565 nominis
748 1519 819 1564 esse
832 1504 902 1563 mei.

208 1593 243 1649 ts
258 1585 290 1647 Si
305 1592 404 1648 tamen
420 1601 437 1647 e
451 1585 540 1648 vobis
556 1588 681 1662 aliquis,
697 1594 758 1647 tam
774 1589 882 1662 multa,
896 1588 1040 1662 requirat,

297 1671 386 1735 Unde
400 1670 532 1730 dolenda
547 1678 675 1731 canamt
704 1672 799 1731 multa
811 1671 945 1731 dolenda
956 1670 1020 1732 tuli

257 1752 323 1815 Non
339 1753 416 1814 haeo
433 1754 569 1828 ingenio,
587 1770 648 1816 non
663 1754 739 1814 baec
754 1754 965 1829 componimus
979 1761 1059 1814 artes
1128 1800 1139 1843 ι.

298 1836 426 1897 Materia
440 1843 487 1896 est
501 1839 632 1913 propriis
647 1837 806 1912 ingeniosa
820 1839 917 1899 malis.

256 1920 293 1981 Et
310 1927 402 1995 quota
416 1921 553 1982 ionunae
567 1936 640 1996 pars
654 1927 703 1980 est
721 1920 751 1979 in
766 1921 898 1981 carmine
909 1928 1052 1982 nostrae?
1087 1938 1090 1947 ’

206 2007 242 2063 30
296 2003 397 2075 Felix,
416 2004 467 2078 qui
485 2002 597 2078 patitur
611 2019 690 2078 quae
705 2018 863 2064 numerare
878 2010 994 2079 potest!

258 2085 336 2160 Quot
350 2086 474 2145 frutices
489 2084 599 2159 silvae,
616 2095 691 2162 quot
705 2086 802 2148 flavas
816 2087 946 2164 Thybris
962 2089 1081 2161 arenas,

297 2169 401 2230 Mollia
415 2175 490 2243 quot
503 2168 609 2229 Martis
622 2170 759 2245 gramina
773 2174 899 2246 campus
914 2170 1013 2244 habet,

256 2253 312 2313 Tot
324 2252 403 2311 mala
417 2251 603 2327 pertulimus.
636 2268 764 2328 quorum
777 2255 928 2314 medicina
942 2253 1091 2331 quiesque

296 2336 383 2394 Nulla
397 2335 455 2395 nisi
470 2334 500 2393 in
516 2336 616 2396 studio
631 2336 842 2411 Pieridumque
855 2354 940 2399 mora
954 2347 1010 2400 est.

205 2422 239 2479 ³5
254 2417 339 2492 ‘Quis
353 2418 420 2493 tihi,
435 2419 532 2491 Naso,
546 2419 656 2480 modus
671 2419 823 2481 lacrimosi
838 2422 1011 2481 carminisl’
1025 2422 1143 2496 inquis=
1185 2492 1192 2510 Ι
1296 2438 1297 2447 ¹

296 2502 394 2574 ldem,
413 2503 551 2563 ionunae
567 2503 618 2577 qui
633 2502 748 2563 modus
757 2502 846 2564 huius
861 2504 925 2566 crit.

255 2585 342 2659 Quod
357 2601 483 2661 querar,
499 2585 552 2644 ilia
565 2585 636 2645 mihi
655 2586 747 2660 pleno
761 2587 800 2647 de
814 2589 897 2647 iente
912 2587 1068 2660 ministrat,

133 2738 137 2745 ,
295 2669 357 2728 Neo
372 2685 440 2729 mea
454 2675 539 2744 sunt,
556 2669 608 2727 lati
626 2668 717 2728 verba
735 2670 791 2728 sed
806 2669 864 2729 ista
879 2672 947 2729 mei.

253 2753 294 2811 At
307 2752 378 2811 mihi
393 2753 420 2813 sl
435 2756 505 2814 cara
519 2754 648 2828 patriam
662 2768 730 2812 cum
744 2753 873 2827 coniuge
886 2753 1008 2826 reddas,

203 2839 239 2894 lo
294 2833 360 2894 Sint
372 2837 474 2896 vultus
488 2826 619 2907 hilares,
634 2836 753 2910 simque
769 2838 852 2912 quod
865 2843 934 2897 ante
950 2835 1003 2895 ioi.

252 2916 363 2976 Lenior
376 2917 479 2979 invicti
493 2919 521 2979 si
536 2919 576 2979 sit
590 2919 662 2978 mihi
677 2919 818 2981 Caesaris
831 2920 886 2992 ire,

294 2999 432 3060 Carmina
448 3001 578 3061 laetitiae
592 3001 651 3062 ium
666 3002 719 3063 tihi
734 3004 824 3077 plenu
839 3002 929 3062 daho.

251 3083 313 3142 Nec
327 3089 427 3143 tamen
441 3092 473 3143 ut
489 3085 573 3158 lusit,
588 3102 696 3146 rursus
710 3100 778 3145 mea
791 3085 889 3147 littera
900 3083 999 3145 ludetr

295 3165 339 3226 Sit
353 3167 448 3225 semel
462 3167 513 3226 illa
526 3182 595 3228 meo
609 3169 758 3236 luxuriata
771 3168 867 3227 malo!

201 3253 235 3308 lo
249 3247 337 3321 Quod
353 3249 461 3323 proaet
473 3250 556 3324 ipsc,
573 3266 689 3313 cauom.
727 3265 845 3324 poenae
860 3249 952 3313 modo
966 3257 1052 3327 parte
1066 3253 1167 3314 levata
1226 3304 1240 3321 „

289 3331 464 3392 Baromiem
476 3332 593 3407 rigidos
608 3332 810 3407 effugiumque
827 3334 930 3397 Gelos.

250 3415 367 3475 interca
380 3415 476 3481 nostri
491 3415 565 3491 quid
582 3423 687 3492 agant,
703 3415 761 3475 nisi
776 3416 875 3493 triste,
890 3417 1004 3481 libellis
