2598 3812
198 227 271 293 '158
530 278 536 289 ,
596 228 656 290 EX
676 226 825 292 PONTO

261 397 267 411 ·
292 380 394 444 Gratia
408 381 435 443 si
449 376 532 443 nulla
544 389 600 457 est,
622 381 763 441 lacrimae
778 378 830 441 tibi
844 378 941 454 gratia
955 378 1037 440 flent.

230 475 281 529 100
331 465 396 526 Hac
411 474 508 542 potes,
531 472 581 526 300
595 466 684 539 00113,
707 470 793 540 parte
805 477 931 524 movere
946 462 1037 523 deos.v

292 547 375 624 Quae
388 550 442 609 libi
456 565 495 609 ue
509 548 617 620 desint,
641 548 718 607 bene
733 547 880 623 03000313
894 551 999 606 nostra
1012 552 1149 606 03000000

330 632 443 708 Meque
456 633 522 691 viro
538 630 632 691 ilendi
647 633 737 707 capla
751 632 838 691 dives
853 631 951 691 adest

290 716 390 792 thue
404 729 493 775 meae
504 730 555 774 res
570 721 648 788 sunt,
671 714 761 789 omni,
784 721 866 789 puto,
887 720 1026 788 tempora
1039 710 1139 773 flebis.

330 800 393 859 Has
409 800 530 859 iortuua
543 797 595 858 tibi
611 805 714 858 nostra
729 797 877 858 ministret
890 811 977 870 opes.

230 891 281 944 105
292 881 325 943 Si
338 898 407 942 mea
419 896 502 942 more
515 881 693 942 redimenda
706 889 787 943 tua...
803 881 887 957 quod
902 879 1090 940 abominor...
1105 888 1199 957 esset,

331 965 454 1025 Admeti
468 965 609 1038 coniunx,
629 981 719 1039 quam
733 966 917 1041 sequereris,
940 970 1013 1024 erat.

290 1049 419 1108 Aemula
430 1048 599 1123 Penelopes
615 1048 715 1122 fieres,
737 1049 764 1108 si
778 1048 886 1108 fraude
901 1040 1012 1122 pudica

330 1132 471 1193 Instantis
485 1132 582 1191 velles
597 1131 702 1192 tallere
717 1137 811 1207 nupta
825 1145 948 1207 procos.

291 1214 324 1274 Si
339 1230 443 1275 comes
458 1214 580 1275 extincti
595 1230 700 1275 manes
715 1229 880 1289 sequerere
893 1211 999 1286 mariti,

137 1362 141 1369 ,
230 1317 280 1371 110
330 1297 422 1358 Esset
436 1298 498 1360 dux
512 1297 583 1358 iacti
596 1297 762 1358 Laodamia
775 1298 827 1358 tui.

288 1382 392 1458 Iphias
407 1389 476 1441 ante
490 1383 597 1442 oculos
610 1382 664 1442 tibi
678 1387 743 1441 erat
758 1378 908 1455 ponenda,
929 1380 1043 1441 volenti

330 1466 447 1540 corpus
461 1464 492 1524 in
506 1481 655 1526 accensos
669 1465 785 1525 mittere
799 1465 875 1525 lorte
889 1479 993 1538 rogos.

288 1547 389 1619 1010003
400 1547 473 1609 nihil
488 1562 567 1624 opus
581 1555 636 1622 est,
659 1548 732 1608 nihil
745 1548 905 1608 Icariotide
917 1548 988 1608 0303.

331 1631 470 1692 Caesaris
485 1639 537 1693 est
546 1632 678 1692 coniunx
695 1648 749 1693 ore
762 1632 917 1707 precanda
930 1638 995 1707 tuo,·

227 1730 278 1784 115
289 1715 372 1789 Quae
386 1722 520 1791 praestat
533 1717 642 1776 virtute
656 1732 721 1789 sua,
742 1731 782 1775 ne
796 1715 898 1791 prisca
913 1722 1050 1778 vetustas

330 1799 436 1859 Laude
452 1799 613 1875 pudicitiae
628 1799 751 1859 saecula
767 1806 872 1858 nostra
887 1806 1011 1873 premat

290 1881 374 1958 Quae
387 1882 516 1942 Veneris
531 1884 667 1956 iormam,
687 1897 787 1942 mores
803 1882 926 1942 lunonis
940 1882 1081 1944 habendo

331 1964 405 2026 Sola
419 1974 467 2026 est
479 1967 604 2027 caelesti
618 1966 710 2041 dIgna
722 1973 844 2040 reperta
858 1971 934 2026 0000.
1030 1976 1033 1983 ’

290 2049 368 2123 Quid
382 2049 516 2124 trepidas
531 2057 562 2109 et
574 2050 659 2109 adire
673 2050 782 2109 times?
801 2065 862 2110 non
876 2048 968 2125 Impia
981 2049 1097 2111 Procm

228 2145 279 2198 100
329 2130 444 2192 FIIIave
457 2132 572 2193 Aeetae
586 2147 665 2192 voce
679 2132 831 2192 movenda
844 2139 896 2193 tua
910 2140 971 2192 est=

288 2214 350 2274 Nee
363 2230 455 2275 nurus
470 2216 613 2291 Aegypti,
633 2228 691 2275 033
705 2231 800 2276 saeva
813 2217 1049 2292 AgamemnonIs
1063 2232 1153 2289 uxor,

330 2296 504 2373 Scyllaque,
527 2314 606 2374 quae
621 2299 738 2360 SIoulas
754 2299 877 2374 inguIne
891 2307 982 2361 terret
994 2316 1106 2377 aquosa

287 2381 471 2455 Telegonive
485 2397 596 2456 030303
612 2384 764 2443 vertendis
779 2391 850 2444 0303
863 2383 978 2458 figuris,
1067 2402 1070 2407 ·

133 2527 157 2541 ,Ι
218 2459 231 2476 ‘
326 2463 472 2539 Nexaque
485 2466 622 2527 nodosas
639 2482 736 2541 angue
748 2467 878 2527 Medusa
892 2483 1013 2529 comasa

227 2558 278 2613 125
287 2546 412 2608 Femina
426 2549 483 2608 sed
497 2550 650 2626 princeps,
673 2552 703 2609 in
718 2567 778 2625 qua
792 2552 912 2611 fortuna
926 2550 1030 2611 videre

327 2629 368 2691 Se
383 2630 491 2707 probat
505 2640 535 2693 00
549 2649 660 2694 333333
674 2634 799 2694 erimina
812 2634 890 2693 lalsa
902 2636 982 2695 tulitz
1095 2679 1098 2686 .

289 2713 354 2790 Qua
368 2711 442 2775 nihil
455 2717 486 2777 in
503 2717 591 2777 terris
606 2717 646 2777 ad
659 2706 750 2777 linem
765 2718 842 2778 solis
856 2717 894 2778 ab
911 2726 979 2778 ortu

330 2799 454 2874 Clarius,
474 2808 602 2876 excepto
619 2801 757 2874 Caesare,
778 2800 1024 2882 mundusllmbet

286 2881 394 2956 Eligito
409 2889 528 2960 tempus
543 2892 693 2961 captatum
708 2901 802 2960 saepe
817 2885 953 2960 rogandi,

226 2970 278 3026 130
328 2964 426 3025 Exeat
440 2969 624 3029 adversane
638 2977 689 3029 tua
703 2969 790 3029 navis
805 2985 895 3043 aqua

287 3044 355 3108 Non
368 3064 491 3124 semper
504 3068 609 3112 sacras
625 3053 757 3114 reddunt
771 3053 894 3112 oracula
908 3047 1009 3124 sortis,

327 3130 461 3208 Ipsaque
475 3134 535 3194 000
550 3137 630 3196 omni
645 3144 781 3212 tempore
796 3136 866 3193 lana
881 3140 991 3208 patent
1074 3130 1081 3143 ‘

247 3258 249 3261 -
288 3214 363 3277 Cum
377 3223 474 3277 303003
487 3219 578 3279 Urbis
593 3220 657 3293 erit,
678 3222 796 3295 qualem
812 3233 892 3277 nune
909 3231 1040 3291 auguror
1055 3230 1136 3288 esse,
1182 3242 1186 3248 ·

327 3299 364 3359 Et
378 3300 477 3360 nullus
492 3302 598 3376 populi
613 3302 769 3363 contrahet
782 3317 837 3361 003
851 3301 954 3364 dolon

227 3382 361 3442 10150000
376 3383 486 3445 domus
499 3386 638 3460 Augusti,
661 3385 788 3460 Capitoli
801 3401 886 3445 more
900 3382 1037 3456 colenda,

326 3465 427 3543 Laeta,
451 3468 537 3546 quod
550 3476 599 3530 est
610 3475 642 3531 et
653 3468 702 3545 sit,
721 3469 875 3547 plenaque
887 3468 974 3546 pacis
988 3466 1058 3527 erite
