<?xml version="1.0" encoding="UTF-8"?>
<!DOCTYPE html PUBLIC "-//W3C//DTD XHTML 1.0 Transitional//EN"
    "http://www.w3.org/TR/xhtml1/DTD/xhtml1-transitional.dtd">
<html xmlns="http://www.w3.org/1999/xhtml" xml:lang="en" lang="en">
 <head>
  <title>
</title>
<meta http-equiv="Content-Type" content="text/html;charset=utf-8" />
  <meta name='ocr-system' content='tesseract 3.04.00' />
  <meta name='ocr-capabilities' content='ocr_page ocr_carea ocr_par ocr_line ocrx_word'/>
</head>
<body>
  <div class='ocr_page' id='page_1' title='image "./povidiusnaso00merkgoog_0099.png"; bbox 0 0 2598 3812; ppageno 0'>
   <div class='ocr_carea' id='block_1_1' title="bbox 179 199 821 273">
    <p class='ocr_par' dir='ltr' id='par_1_1' title="bbox 179 199 821 273">
     <span class='ocr_line' id='line_1_1' title="bbox 179 199 821 273; baseline -0.008 0"><span class='ocrx_word' id='word_1_1' title='bbox 179 208 222 273; x_wconf 71' lang='lat'>84</span> <span class='ocrx_word' id='word_1_2' title='bbox 534 199 821 268; x_wconf 52' lang='lat' dir='ltr'>datheman·</span> 
     </span>
    </p>
   </div>
   <div class='ocr_carea' id='block_1_2' title="bbox 214 352 1105 2283">
    <p class='ocr_par' dir='ltr' id='par_1_2' title="bbox 214 352 1105 2283">
     <span class='ocr_line' id='line_1_2' title="bbox 300 352 970 422; baseline -0.007 0"><span class='ocrx_word' id='word_1_3' title='bbox 300 361 387 422; x_wconf 90' lang='lat' dir='ltr'>Nulla</span> <span class='ocrx_word' id='word_1_4' title='bbox 401 360 456 420; x_wconf 90' lang='lat' dir='ltr'>luit</span> <span class='ocrx_word' id='word_1_5' title='bbox 467 352 581 420; x_wconf 81' lang='lat' dir='ltr'>misero</span> <span class='ocrx_word' id='word_1_6' title='bbox 596 352 675 420; x_wconf 86' lang='lat' dir='ltr'>festa</span> <span class='ocrx_word' id='word_1_7' title='bbox 689 358 822 419; x_wconf 83' lang='lat' dir='ltr'>videnda</span> <span class='ocrx_word' id='word_1_8' title='bbox 835 357 917 418; x_wconf 77' lang='lat' dir='ltr'>mibi</span> <span class='ocrx_word' id='word_1_9' title='bbox 932 354 937 403; x_wconf 79' lang='grc' dir='ltr'>ἶ</span> <span class='ocrx_word' id='word_1_10' title='bbox 967 376 970 385; x_wconf 96' lang='grc'><strong><em>·</em></strong></span> 
     </span>
     <span class='ocr_line' id='line_1_3' title="bbox 260 443 952 519; baseline -0.006 -13"><span class='ocrx_word' id='word_1_11' title='bbox 260 444 362 506; x_wconf 81' lang='lat' dir='ltr'>Edidit</span> <span class='ocrx_word' id='word_1_12' title='bbox 375 444 452 503; x_wconf 86' lang='lat' dir='ltr'>haee</span> <span class='ocrx_word' id='word_1_13' title='bbox 466 458 567 503; x_wconf 89' lang='lat' dir='ltr'>mores</span> <span class='ocrx_word' id='word_1_14' title='bbox 582 443 641 502; x_wconf 91' lang='lat' dir='ltr'>illis</span> <span class='ocrx_word' id='word_1_15' title='bbox 655 443 790 503; x_wconf 81' lang='lat' dir='ltr'>heroisin</span> <span class='ocrx_word' id='word_1_16' title='bbox 805 457 952 519; x_wconf 58' lang='lat' dir='ltr'>aequom«</span> 
     </span>
     <span class='ocr_line' id='line_1_4' title="bbox 302 526 887 603; baseline -0.005 -15"><span class='ocrx_word' id='word_1_17' title='bbox 302 529 394 603; x_wconf 82' lang='lat' dir='ltr'>Queis</span> <span class='ocrx_word' id='word_1_18' title='bbox 407 533 473 586; x_wconf 89' lang='lat' dir='ltr'>erat</span> <span class='ocrx_word' id='word_1_19' title='bbox 483 527 588 587; x_wconf 73' lang='lat' dir='ltr'>Eidon</span> <span class='ocrx_word' id='word_1_20' title='bbox 601 526 777 601; x_wconf 73' lang='lat' dir='ltr'>Icariusque</span> <span class='ocrx_word' id='word_1_21' title='bbox 791 533 887 602; x_wconf 86' lang='lat' dir='ltr'>pater.</span> 
     </span>
     <span class='ocr_line' id='line_1_5' title="bbox 219 608 1105 687; baseline -0.008 -14"><span class='ocrx_word' id='word_1_22' title='bbox 219 624 254 679; x_wconf 80' lang='lat'>45</span> <span class='ocrx_word' id='word_1_23' title='bbox 264 611 340 672; x_wconf 86' lang='lat' dir='ltr'>Nata</span> <span class='ocrx_word' id='word_1_24' title='bbox 354 610 498 687; x_wconf 83' lang='lat' dir='ltr'>pudicitia</span> <span class='ocrx_word' id='word_1_25' title='bbox 512 616 567 684; x_wconf 88' lang='lat' dir='ltr'>est,</span> <span class='ocrx_word' id='word_1_26' title='bbox 590 624 693 670; x_wconf 89' lang='lat' dir='ltr'>mores</span> <span class='ocrx_word' id='word_1_27' title='bbox 706 608 905 687; x_wconf 69' lang='lat' dir='ltr'>probitasque</span> <span class='ocrx_word' id='word_1_28' title='bbox 918 609 1073 685; x_wconf 67' lang='lat' dir='ltr'>ildesqnez</span> <span class='ocrx_word' id='word_1_29' title='bbox 1094 616 1105 677; x_wconf 69' lang='lat' dir='ltr'>j</span> 
     </span>
     <span class='ocr_line' id='line_1_6' title="bbox 299 692 908 775; baseline -0.005 -20"><span class='ocrx_word' id='word_1_30' title='bbox 299 697 339 756; x_wconf 88' lang='lat' dir='ltr'>Al</span> <span class='ocrx_word' id='word_1_31' title='bbox 353 711 414 755; x_wconf 92' lang='lat' dir='ltr'>non</span> <span class='ocrx_word' id='word_1_32' title='bbox 429 702 500 754; x_wconf 94' lang='lat' dir='ltr'>sunt</span> <span class='ocrx_word' id='word_1_33' title='bbox 514 694 572 753; x_wconf 88' lang='lat' dir='ltr'>ista</span> <span class='ocrx_word' id='word_1_34' title='bbox 585 692 695 775; x_wconf 80' lang='lat' dir='ltr'>gaudia</span> <span class='ocrx_word' id='word_1_35' title='bbox 709 700 781 752; x_wconf 87' lang='lat' dir='ltr'>nata</span> <span class='ocrx_word' id='word_1_36' title='bbox 796 692 854 766; x_wconf 88' lang='lat' dir='ltr'>die,</span> <span class='ocrx_word' id='word_1_37' title='bbox 905 704 908 709; x_wconf 85' lang='lat'>·</span> 
     </span>
     <span class='ocr_line' id='line_1_7' title="bbox 261 770 1036 855; baseline -0.004 -14"><span class='ocrx_word' id='word_1_38' title='bbox 261 779 324 841; x_wconf 85' lang='lat' dir='ltr'>Sed</span> <span class='ocrx_word' id='word_1_39' title='bbox 339 777 425 838; x_wconf 90' lang='lat' dir='ltr'>labor</span> <span class='ocrx_word' id='word_1_40' title='bbox 435 786 468 839; x_wconf 90' lang='lat' dir='ltr'>et</span> <span class='ocrx_word' id='word_1_41' title='bbox 478 770 571 837; x_wconf 73' lang='lat' dir='ltr'>‘curae</span> <span class='ocrx_word' id='word_1_42' title='bbox 587 777 768 852; x_wconf 68' lang='lat' dir='ltr'>fortunaque</span> <span class='ocrx_word' id='word_1_43' title='bbox 781 776 917 838; x_wconf 87' lang='lat' dir='ltr'>moribus</span> <span class='ocrx_word' id='word_1_44' title='bbox 931 778 1036 855; x_wconf 84' lang='lat' dir='ltr'>impar,</span> 
     </span>
     <span class='ocr_line' id='line_1_8' title="bbox 301 858 1062 937; baseline 0 -15"><span class='ocrx_word' id='word_1_45' title='bbox 301 863 444 937; x_wconf 90' lang='lat' dir='ltr'>lustaque</span> <span class='ocrx_word' id='word_1_46' title='bbox 459 862 500 921; x_wconf 88' lang='lat' dir='ltr'>de</span> <span class='ocrx_word' id='word_1_47' title='bbox 512 860 606 920; x_wconf 88' lang='lat' dir='ltr'>viduo</span> <span class='ocrx_word' id='word_1_48' title='bbox 620 874 719 933; x_wconf 87' lang='lat' dir='ltr'>paene</span> <span class='ocrx_word' id='word_1_49' title='bbox 733 858 870 936; x_wconf 83' lang='lat' dir='ltr'>querella</span> <span class='ocrx_word' id='word_1_50' title='bbox 882 869 959 923; x_wconf 89' lang='lat' dir='ltr'>turo.</span> <span class='ocrx_word' id='word_1_51' title='bbox 1059 880 1062 885; x_wconf 55' lang='lat'>‘</span> 
     </span>
     <span class='ocr_line' id='line_1_9' title="bbox 262 942 1089 1020; baseline -0.007 -9"><span class='ocrx_word' id='word_1_52' title='bbox 262 945 385 1011; x_wconf 77' lang='lat' dir='ltr'>Scilicet</span> <span class='ocrx_word' id='word_1_53' title='bbox 398 945 538 1005; x_wconf 88' lang='lat' dir='ltr'>adversis</span> <span class='ocrx_word' id='word_1_54' title='bbox 553 942 688 1020; x_wconf 79' lang='lat' dir='ltr'>probitas</span> <span class='ocrx_word' id='word_1_55' title='bbox 705 944 838 1004; x_wconf 73' lang='lat' dir='ltr'>exercita</span> <span class='ocrx_word' id='word_1_56' title='bbox 850 945 942 1006; x_wconf 85' lang='lat' dir='ltr'>rebus</span> <span class='ocrx_word' id='word_1_57' title='bbox 1087 968 1089 977; x_wconf 93' lang='lat'>·</span> 
     </span>
     <span class='ocr_line' id='line_1_10' title="bbox 219 1028 939 1101; baseline -0.007 -9"><span class='ocrx_word' id='word_1_58' title='bbox 219 1042 255 1095; x_wconf 74' lang='lat'>50</span> <span class='ocrx_word' id='word_1_59' title='bbox 304 1029 392 1088; x_wconf 84' lang='lat' dir='ltr'>Tristi</span> <span class='ocrx_word' id='word_1_60' title='bbox 405 1029 561 1088; x_wconf 83' lang='lat' dir='ltr'>materiam</span> <span class='ocrx_word' id='word_1_61' title='bbox 574 1034 713 1101; x_wconf 88' lang='lat' dir='ltr'>tempore</span> <span class='ocrx_word' id='word_1_62' title='bbox 725 1028 825 1087; x_wconf 87' lang='lat' dir='ltr'>laudis</span> <span class='ocrx_word' id='word_1_63' title='bbox 838 1028 939 1090; x_wconf 87' lang='lat' dir='ltr'>habet.</span> 
     </span>
     <span class='ocr_line' id='line_1_11' title="bbox 261 1104 996 1186; baseline -0.003 -13"><span class='ocrx_word' id='word_1_64' title='bbox 261 1112 294 1175; x_wconf 88' lang='lat' dir='ltr'>Si</span> <span class='ocrx_word' id='word_1_65' title='bbox 312 1112 384 1172; x_wconf 85' lang='lat' dir='ltr'>nihil</span> <span class='ocrx_word' id='word_1_66' title='bbox 400 1112 500 1172; x_wconf 88' lang='lat' dir='ltr'>inlesti</span> <span class='ocrx_word' id='word_1_67' title='bbox 516 1113 609 1170; x_wconf 86' lang='lat' dir='ltr'>durus</span> <span class='ocrx_word' id='word_1_68' title='bbox 624 1111 753 1170; x_wconf 86' lang='lat' dir='ltr'>vidisset</span> <span class='ocrx_word' id='word_1_69' title='bbox 766 1104 881 1186; x_wconf 68' lang='lat' dir='ltr'>Ulixes,</span> <span class='ocrx_word' id='word_1_70' title='bbox 992 1130 996 1138; x_wconf 90' lang='lat'>·</span> 
     </span>
     <span class='ocr_line' id='line_1_12' title="bbox 299 1194 914 1271; baseline -0.003 -15"><span class='ocrx_word' id='word_1_71' title='bbox 299 1196 453 1271; x_wconf 87' lang='lat' dir='ltr'>Penelope</span> <span class='ocrx_word' id='word_1_72' title='bbox 467 1197 549 1270; x_wconf 83' lang='lat' dir='ltr'>ielix,</span> <span class='ocrx_word' id='word_1_73' title='bbox 570 1195 627 1253; x_wconf 90' lang='lat' dir='ltr'>sed</span> <span class='ocrx_word' id='word_1_74' title='bbox 642 1194 708 1253; x_wconf 90' lang='lat' dir='ltr'>sine</span> <span class='ocrx_word' id='word_1_75' title='bbox 722 1194 914 1256; x_wconf 79' lang='lat' dir='ltr'>laude&#39;htret.</span> 
     </span>
     <span class='ocr_line' id='line_1_13' title="bbox 260 1272 1006 1354; baseline -0.001 -14"><span class='ocrx_word' id='word_1_76' title='bbox 260 1280 366 1340; x_wconf 82' lang='lat' dir='ltr'>Viator</span> <span class='ocrx_word' id='word_1_77' title='bbox 379 1279 541 1339; x_wconf 83' lang='lat' dir='ltr'>Echionias</span> <span class='ocrx_word' id='word_1_78' title='bbox 557 1279 583 1338; x_wconf 92' lang='lat' dir='ltr'>si</span> <span class='ocrx_word' id='word_1_79' title='bbox 597 1278 645 1336; x_wconf 87' lang='lat' dir='ltr'>vir</span> <span class='ocrx_word' id='word_1_80' title='bbox 658 1285 851 1352; x_wconf 84' lang='lat' dir='ltr'>penetrasset</span> <span class='ocrx_word' id='word_1_81' title='bbox 865 1279 895 1338; x_wconf 92' lang='lat' dir='ltr'>in</span> <span class='ocrx_word' id='word_1_82' title='bbox 908 1272 1006 1354; x_wconf 81' lang='lat' dir='ltr'>arces,</span> 
     </span>
     <span class='ocr_line' id='line_1_14' title="bbox 301 1361 1065 1425; baseline -0.003 -1"><span class='ocrx_word' id='word_1_83' title='bbox 301 1362 438 1424; x_wconf 89' lang='lat' dir='ltr'>Forsitan</span> <span class='ocrx_word' id='word_1_84' title='bbox 450 1363 594 1422; x_wconf 85' lang='lat' dir='ltr'>Euadnen</span> <span class='ocrx_word' id='word_1_85' title='bbox 609 1361 662 1420; x_wconf 80' lang='lat' dir='ltr'>vin</span> <span class='ocrx_word' id='word_1_86' title='bbox 676 1376 733 1422; x_wconf 90' lang='lat' dir='ltr'>sua</span> <span class='ocrx_word' id='word_1_87' title='bbox 747 1369 855 1422; x_wconf 87' lang='lat' dir='ltr'>nosset</span> <span class='ocrx_word' id='word_1_88' title='bbox 867 1363 986 1423; x_wconf 87' lang='lat' dir='ltr'>humus.</span> <span class='ocrx_word' id='word_1_89' title='bbox 1002 1418 1005 1425; x_wconf 28' lang='lat' dir='ltr'>l</span> <span class='ocrx_word' id='word_1_90' title='bbox 1062 1398 1065 1409; x_wconf 89' lang='lat'>·</span> 
     </span>
     <span class='ocr_line' id='line_1_15' title="bbox 221 1445 1099 1521; baseline -0.001 -11"><span class='ocrx_word' id='word_1_91' title='bbox 221 1458 255 1510; x_wconf 74' lang='lat'>55</span> <span class='ocrx_word' id='word_1_92' title='bbox 266 1445 339 1507; x_wconf 82' lang='lat' dir='ltr'>Cum</span> <span class='ocrx_word' id='word_1_93' title='bbox 353 1447 435 1506; x_wconf 88' lang='lat' dir='ltr'>Pella</span> <span class='ocrx_word' id='word_1_94' title='bbox 449 1447 569 1521; x_wconf 80' lang='lat' dir='ltr'>genitae</span> <span class='ocrx_word' id='word_1_95' title='bbox 582 1451 626 1504; x_wconf 92' lang='lat' dir='ltr'>tot</span> <span class='ocrx_word' id='word_1_96' title='bbox 640 1445 710 1519; x_wconf 82' lang='lat' dir='ltr'>sint,</span> <span class='ocrx_word' id='word_1_97' title='bbox 732 1454 786 1505; x_wconf 80' lang='lat' dir='ltr'>eur</span> <span class='ocrx_word' id='word_1_98' title='bbox 799 1446 910 1507; x_wconf 89' lang='lat' dir='ltr'>nobilis</span> <span class='ocrx_word' id='word_1_99' title='bbox 923 1464 985 1507; x_wconf 89' lang='lat' dir='ltr'>una</span> <span class='ocrx_word' id='word_1_100' title='bbox 1000 1453 1069 1507; x_wconf 79' lang='lat' dir='ltr'>estt</span> <span class='ocrx_word' id='word_1_101' title='bbox 1092 1502 1099 1509; x_wconf 85' lang='lat'>.</span> 
     </span>
     <span class='ocr_line' id='line_1_16' title="bbox 302 1530 1065 1606; baseline 0 -17"><span class='ocrx_word' id='word_1_102' title='bbox 302 1530 416 1606; x_wconf 85' lang='lat' dir='ltr'>Nempe</span> <span class='ocrx_word' id='word_1_103' title='bbox 431 1530 486 1589; x_wconf 82' lang='lat' dir='ltr'>ibit</span> <span class='ocrx_word' id='word_1_104' title='bbox 498 1530 610 1589; x_wconf 86' lang='lat' dir='ltr'>misero</span> <span class='ocrx_word' id='word_1_105' title='bbox 625 1537 720 1604; x_wconf 85' lang='lat' dir='ltr'>nupta</span> <span class='ocrx_word' id='word_1_106' title='bbox 732 1530 817 1603; x_wconf 90' lang='lat' dir='ltr'>quod</span> <span class='ocrx_word' id='word_1_107' title='bbox 830 1545 891 1591; x_wconf 87' lang='lat' dir='ltr'>una</span> <span class='ocrx_word' id='word_1_108' title='bbox 907 1532 981 1589; x_wconf 88' lang='lat' dir='ltr'>viro.</span> <span class='ocrx_word' id='word_1_109' title='bbox 1061 1548 1065 1557; x_wconf 91' lang='lat'><em>·</em></span> 
     </span>
     <span class='ocr_line' id='line_1_17' title="bbox 260 1613 1025 1691; baseline 0 -17"><span class='ocrx_word' id='word_1_110' title='bbox 260 1613 366 1689; x_wconf 84' lang='lat' dir='ltr'>Eliice,</span> <span class='ocrx_word' id='word_1_111' title='bbox 387 1620 419 1673; x_wconf 88' lang='lat' dir='ltr'>ut</span> <span class='ocrx_word' id='word_1_112' title='bbox 432 1613 540 1673; x_wconf 80' lang='lat' dir='ltr'>iliacas</span> <span class='ocrx_word' id='word_1_113' title='bbox 554 1619 657 1687; x_wconf 77' lang='lat' dir='ltr'>tangat</span> <span class='ocrx_word' id='word_1_114' title='bbox 670 1613 756 1691; x_wconf 89' lang='lat' dir='ltr'>prior</span> <span class='ocrx_word' id='word_1_115' title='bbox 769 1614 844 1673; x_wconf 87' lang='lat' dir='ltr'>alter</span> <span class='ocrx_word' id='word_1_116' title='bbox 856 1630 974 1688; x_wconf 88' lang='lat' dir='ltr'>arenas,</span> <span class='ocrx_word' id='word_1_117' title='bbox 1022 1654 1025 1659; x_wconf 81' lang='lat'><em>-</em></span> 
     </span>
     <span class='ocr_line' id='line_1_18' title="bbox 301 1692 936 1758; baseline -0.002 -2"><span class='ocrx_word' id='word_1_118' title='bbox 301 1696 467 1758; x_wconf 88' lang='lat' dir='ltr'>Laodamia</span> <span class='ocrx_word' id='word_1_119' title='bbox 480 1697 554 1757; x_wconf 88' lang='lat' dir='ltr'>nibil</span> <span class='ocrx_word' id='word_1_120' title='bbox 568 1708 623 1755; x_wconf 83' lang='lat' dir='ltr'>our</span> <span class='ocrx_word' id='word_1_121' title='bbox 634 1694 784 1756; x_wconf 83' lang='lat' dir='ltr'>reseratur</span> <span class='ocrx_word' id='word_1_122' title='bbox 798 1696 862 1756; x_wconf 87' lang='lat' dir='ltr'>erit.</span> <span class='ocrx_word' id='word_1_123' title='bbox 904 1728 906 1735; x_wconf 94' lang='lat'>·</span> <span class='ocrx_word' id='word_1_124' title='bbox 933 1692 936 1721; x_wconf 78' lang='lat'>⁵</span> 
     </span>
     <span class='ocr_line' id='line_1_19' title="bbox 260 1778 1010 1857; baseline -0.003 -15"><span class='ocrx_word' id='word_1_125' title='bbox 260 1780 371 1854; x_wconf 78' lang='lat' dir='ltr'>Eitea,</span> <span class='ocrx_word' id='word_1_126' title='bbox 395 1782 479 1857; x_wconf 90' lang='lat' dir='ltr'>quod</span> <span class='ocrx_word' id='word_1_127' title='bbox 492 1782 619 1852; x_wconf 89' lang='lat' dir='ltr'>mallem,</span> <span class='ocrx_word' id='word_1_128' title='bbox 641 1779 739 1854; x_wconf 87' lang='lat' dir='ltr'>pietas</span> <span class='ocrx_word' id='word_1_129' title='bbox 753 1778 856 1853; x_wconf 79' lang='lat' dir='ltr'>ignota</span> <span class='ocrx_word' id='word_1_130' title='bbox 868 1788 1010 1853; x_wconf 64' lang='lat' dir='ltr'>maneret²</span> 
     </span>
     <span class='ocr_line' id='line_1_20' title="bbox 219 1861 904 1940; baseline -0.012 -10"><span class='ocrx_word' id='word_1_131' title='bbox 219 1877 255 1930; x_wconf 82' lang='lat'>60</span> <span class='ocrx_word' id='word_1_132' title='bbox 305 1865 467 1940; x_wconf 84' lang='lat' dir='ltr'>implerent</span> <span class='ocrx_word' id='word_1_133' title='bbox 479 1864 560 1924; x_wconf 82' lang='lat' dir='ltr'>venti</span> <span class='ocrx_word' id='word_1_134' title='bbox 576 1861 601 1921; x_wconf 90' lang='lat' dir='ltr'>si</span> <span class='ocrx_word' id='word_1_135' title='bbox 617 1874 686 1921; x_wconf 86' lang='lat' dir='ltr'>mea</span> <span class='ocrx_word' id='word_1_136' title='bbox 699 1864 768 1921; x_wconf 89' lang='lat' dir='ltr'>vela</span> <span class='ocrx_word' id='word_1_137' title='bbox 780 1863 837 1922; x_wconf 88' lang='lat' dir='ltr'>sui.</span> <span class='ocrx_word' id='word_1_138' title='bbox 901 1880 904 1889; x_wconf 90' lang='lat'><strong>·</strong></span> 
     </span>
     <span class='ocr_line' id='line_1_21' title="bbox 260 1944 1102 2021; baseline -0.005 -12"><span class='ocrx_word' id='word_1_139' title='bbox 260 1948 298 2009; x_wconf 89' lang='lat' dir='ltr'>Di</span> <span class='ocrx_word' id='word_1_140' title='bbox 312 1956 411 2008; x_wconf 89' lang='lat' dir='ltr'>tamen</span> <span class='ocrx_word' id='word_1_141' title='bbox 427 1955 456 2007; x_wconf 89' lang='lat' dir='ltr'>et</span> <span class='ocrx_word' id='word_1_142' title='bbox 470 1949 582 2009; x_wconf 83' lang='lat' dir='ltr'>Caesar</span> <span class='ocrx_word' id='word_1_143' title='bbox 597 1944 644 2003; x_wconf 92' lang='lat' dir='ltr'>dis</span> <span class='ocrx_word' id='word_1_144' title='bbox 660 1958 830 2021; x_wconf 79' lang='lat' dir='ltr'>accessura,</span> <span class='ocrx_word' id='word_1_145' title='bbox 853 1948 909 2007; x_wconf 88' lang='lat' dir='ltr'>sed</span> <span class='ocrx_word' id='word_1_146' title='bbox 924 1947 1023 2020; x_wconf 77' lang='lat' dir='ltr'>olin1,.&#39;</span> <span class='ocrx_word' id='word_1_147' title='bbox 1099 1944 1102 1951; x_wconf 90' lang='lat'>&#39;</span> 
     </span>
     <span class='ocr_line' id='line_1_22' title="bbox 214 2022 900 2107; baseline -0.001 -16"><span class='ocrx_word' id='word_1_148' title='bbox 214 2084 218 2091; x_wconf 88' lang='lat'><strong>.</strong></span> <span class='ocrx_word' id='word_1_149' title='bbox 301 2031 469 2107; x_wconf 89' lang='lat' dir='ltr'>Aequarlnt</span> <span class='ocrx_word' id='word_1_150' title='bbox 483 2030 587 2107; x_wconf 81' lang='lat' dir='ltr'>Pylios</span> <span class='ocrx_word' id='word_1_151' title='bbox 603 2022 670 2086; x_wconf 77' lang='lat' dir='ltr'>euin</span> <span class='ocrx_word' id='word_1_152' title='bbox 684 2034 735 2087; x_wconf 89' lang='lat' dir='ltr'>tua</span> <span class='ocrx_word' id='word_1_153' title='bbox 749 2030 811 2089; x_wconf 85' lang='lat' dir='ltr'>iata</span> <span class='ocrx_word' id='word_1_154' title='bbox 823 2031 900 2103; x_wconf 90' lang='lat' dir='ltr'>dies,</span> 
     </span>
     <span class='ocr_line' id='line_1_23' title="bbox 261 2110 1086 2189; baseline 0 -15"><span class='ocrx_word' id='word_1_155' title='bbox 261 2115 326 2177; x_wconf 90' lang='lat' dir='ltr'>Non</span> <span class='ocrx_word' id='word_1_156' title='bbox 340 2113 421 2188; x_wconf 87' lang='lat' dir='ltr'>mibi,</span> <span class='ocrx_word' id='word_1_157' title='bbox 445 2115 497 2188; x_wconf 91' lang='lat' dir='ltr'>qui</span> <span class='ocrx_word' id='word_1_158' title='bbox 512 2124 644 2189; x_wconf 87' lang='lat' dir='ltr'>poenam</span> <span class='ocrx_word' id='word_1_159' title='bbox 659 2111 757 2171; x_wconf 82' lang='lat' dir='ltr'>fateor</span> <span class='ocrx_word' id='word_1_160' title='bbox 768 2115 938 2188; x_wconf 84' lang='lat' dir='ltr'>meruisse,¹</span> <span class='ocrx_word' id='word_1_161' title='bbox 950 2115 1005 2174; x_wconf 85' lang='lat' dir='ltr'>sed</span> <span class='ocrx_word' id='word_1_162' title='bbox 1022 2110 1063 2174; x_wconf 89' lang='lat' dir='ltr'>illi</span> <span class='ocrx_word' id='word_1_163' title='bbox 1083 2130 1086 2139; x_wconf 88' lang='grc'><strong>’</strong></span> 
     </span>
     <span class='ocr_line' id='line_1_24' title="bbox 235 2193 1002 2283; baseline -0.003 -26"><span class='ocrx_word' id='word_1_164' title='bbox 235 2193 239 2197; x_wconf 78' lang='grc'>’</span> <span class='ocrx_word' id='word_1_165' title='bbox 299 2197 424 2272; x_wconf 82' lang='lat' dir='ltr'>Parcite,</span> <span class='ocrx_word' id='word_1_166' title='bbox 447 2210 527 2272; x_wconf 85' lang='lat' dir='ltr'>quae</span> <span class='ocrx_word' id='word_1_167' title='bbox 541 2193 623 2256; x_wconf 91' lang='lat' dir='ltr'>nullo</span> <span class='ocrx_word' id='word_1_168' title='bbox 639 2193 731 2270; x_wconf 82' lang='lat' dir='ltr'>digna</span> <span class='ocrx_word' id='word_1_169' title='bbox 747 2197 852 2257; x_wconf 90' lang='lat' dir='ltr'>dolore</span> <span class='ocrx_word' id='word_1_170' title='bbox 867 2199 963 2258; x_wconf 81' lang='lat' dir='ltr'>dolet!</span> <span class='ocrx_word' id='word_1_171' title='bbox 997 2230 1002 2283; x_wconf 67' lang='lat'>2</span> 
     </span>
    </p>
   </div>
   <div class='ocr_carea' id='block_1_3' title="bbox 199 2329 1071 2861">
    <p class='ocr_par' dir='ltr' id='par_1_3' title="bbox 199 2329 1071 2861">
     <span class='ocr_line' id='line_1_25' title="bbox 199 2329 1071 2442; baseline 0.003 -20"><span class='ocrx_word' id='word_1_172' title='bbox 199 2333 239 2423; x_wconf 66' lang='grc'>6.</span> <span class='ocrx_word' id='word_1_173' title='bbox 259 2329 311 2428; x_wconf 77' lang='lat' dir='ltr'>Tu</span> <span class='ocrx_word' id='word_1_174' title='bbox 327 2381 458 2442; x_wconf 90' lang='lat' dir='ltr'>quoque,</span> <span class='ocrx_word' id='word_1_175' title='bbox 480 2354 653 2426; x_wconf 81' lang='lat' dir='ltr'>nostrarum</span> <span class='ocrx_word' id='word_1_176' title='bbox 667 2368 823 2442; x_wconf 88' lang='lat' dir='ltr'>quondam</span> <span class='ocrx_word' id='word_1_177' title='bbox 838 2367 951 2427; x_wconf 85' lang='lat' dir='ltr'>ildueia</span> <span class='ocrx_word' id='word_1_178' title='bbox 963 2382 1071 2441; x_wconf 89' lang='lat' dir='ltr'>rerum,</span> 
     </span>
     <span class='ocr_line' id='line_1_26' title="bbox 300 2449 1014 2526; baseline 0 -16"><span class='ocrx_word' id='word_1_179' title='bbox 300 2450 356 2524; x_wconf 76' lang='lat' dir='ltr'>Qui</span> <span class='ocrx_word' id='word_1_180' title='bbox 369 2449 441 2508; x_wconf 85' lang='lat' dir='ltr'>mihi</span> <span class='ocrx_word' id='word_1_181' title='bbox 456 2451 641 2525; x_wconf 78' lang='lat' dir='ltr'>coniugium,</span> <span class='ocrx_word' id='word_1_182' title='bbox 663 2450 714 2525; x_wconf 90' lang='lat' dir='ltr'>qui</span> <span class='ocrx_word' id='word_1_183' title='bbox 728 2450 800 2509; x_wconf 89' lang='lat' dir='ltr'>mibi</span> <span class='ocrx_word' id='word_1_184' title='bbox 816 2458 921 2526; x_wconf 87' lang='lat' dir='ltr'>portus</span> <span class='ocrx_word' id='word_1_185' title='bbox 936 2464 1014 2525; x_wconf 86' lang='lat' dir='ltr'>eras,</span> 
     </span>
     <span class='ocr_line' id='line_1_27' title="bbox 258 2533 960 2610; baseline 0.001 -19"><span class='ocrx_word' id='word_1_186' title='bbox 258 2533 302 2595; x_wconf 90' lang='lat' dir='ltr'>Tu</span> <span class='ocrx_word' id='word_1_187' title='bbox 339 2549 441 2609; x_wconf 84' lang='lat' dir='ltr'>noque</span> <span class='ocrx_word' id='word_1_188' title='bbox 457 2534 592 2610; x_wconf 86' lang='lat' dir='ltr'>suseepti</span> <span class='ocrx_word' id='word_1_189' title='bbox 607 2542 708 2594; x_wconf 85' lang='lat' dir='ltr'>euram</span> <span class='ocrx_word' id='word_1_190' title='bbox 724 2534 847 2594; x_wconf 82' lang='lat' dir='ltr'>dimittis</span> <span class='ocrx_word' id='word_1_191' title='bbox 864 2535 960 2608; x_wconf 83' lang='lat' dir='ltr'>amiel,</span> 
     </span>
     <span class='ocr_line' id='line_1_28' title="bbox 301 2552 1012 2694; baseline -0.003 -16"><span class='ocrx_word' id='word_1_192' title='bbox 301 2552 461 2691; x_wconf 38' lang='lat' dir='ltr'>otiumque</span> <span class='ocrx_word' id='word_1_193' title='bbox 475 2618 557 2693; x_wconf 89' lang='lat' dir='ltr'>pimn</span> <span class='ocrx_word' id='word_1_194' title='bbox 573 2624 633 2678; x_wconf 89' lang='lat' dir='ltr'>tam</span> <span class='ocrx_word' id='word_1_195' title='bbox 647 2619 708 2679; x_wconf 82' lang='lat' dir='ltr'>cito</span> <span class='ocrx_word' id='word_1_196' title='bbox 722 2618 812 2694; x_wconf 89' lang='lat' dir='ltr'>ponis</span> <span class='ocrx_word' id='word_1_197' title='bbox 827 2624 927 2677; x_wconf 78' lang='lat' dir='ltr'>onusi</span> <span class='ocrx_word' id='word_1_198' title='bbox 1009 2644 1012 2651; x_wconf 51' lang='lat'><strong>⁴</strong></span> 
     </span>
     <span class='ocr_line' id='line_1_29' title="bbox 232 2699 1056 2783; baseline -0.004 -21"><span class='ocrx_word' id='word_1_199' title='bbox 232 2700 384 2762; x_wconf 68' lang='lat' dir='ltr'>§Sarsina</span> <span class='ocrx_word' id='word_1_200' title='bbox 399 2708 475 2775; x_wconf 79' lang='lat' dir='ltr'>sitm,</span> <span class='ocrx_word' id='word_1_201' title='bbox 497 2700 604 2762; x_wconf 82' lang='lat' dir='ltr'>fateor.</span> <span class='ocrx_word' id='word_1_202' title='bbox 619 2770 623 2776; x_wconf 49' lang='grc'><strong>,</strong></span> <span class='ocrx_word' id='word_1_203' title='bbox 637 2718 729 2777; x_wconf 89' lang='lat' dir='ltr'>quam</span> <span class='ocrx_word' id='word_1_204' title='bbox 743 2703 769 2761; x_wconf 86' lang='lat' dir='ltr'>si</span> <span class='ocrx_word' id='word_1_205' title='bbox 783 2708 816 2762; x_wconf 90' lang='lat' dir='ltr'>tu</span> <span class='ocrx_word' id='word_1_206' title='bbox 829 2708 966 2777; x_wconf 89' lang='lat' dir='ltr'>tempore</span> <span class='ocrx_word' id='word_1_207' title='bbox 978 2699 1056 2783; x_wconf 90' lang='lat' dir='ltr'>duro</span> 
     </span>
     <span class='ocr_line' id='line_1_30' title="bbox 298 2785 928 2861; baseline -0.002 -17"><span class='ocrx_word' id='word_1_208' title='bbox 298 2785 499 2859; x_wconf 85' lang='lat' dir='ltr'>Depositurus</span> <span class='ocrx_word' id='word_1_209' title='bbox 514 2802 593 2861; x_wconf 76' lang='lat' dir='ltr'>erae,</span> <span class='ocrx_word' id='word_1_210' title='bbox 615 2802 676 2845; x_wconf 92' lang='lat' dir='ltr'>non</span> <span class='ocrx_word' id='word_1_211' title='bbox 693 2786 852 2846; x_wconf 88' lang='lat' dir='ltr'>subeunda</span> <span class='ocrx_word' id='word_1_212' title='bbox 865 2786 928 2845; x_wconf 88' lang='lat' dir='ltr'>luit.</span> 
     </span>
    </p>
   </div>
   <div class='ocr_carea' id='block_1_4' title="bbox 258 2850 1276 2963">
    <p class='ocr_par' dir='ltr' id='par_1_4' title="bbox 258 2850 1276 2963">
     <span class='ocr_line' id='line_1_31' title="bbox 258 2850 1276 2963; baseline 0.001 -37"><span class='ocrx_word' id='word_1_213' title='bbox 258 2867 412 2928; x_wconf 76' lang='lat' dir='ltr'>Fluctibus</span> <span class='ocrx_word' id='word_1_214' title='bbox 426 2868 458 2928; x_wconf 94' lang='lat' dir='ltr'>in</span> <span class='ocrx_word' id='word_1_215' title='bbox 472 2869 582 2930; x_wconf 88' lang='lat' dir='ltr'>mediis</span> <span class='ocrx_word' id='word_1_216' title='bbox 596 2884 714 2942; x_wconf 87' lang='lat' dir='ltr'>navem,</span> <span class='ocrx_word' id='word_1_217' title='bbox 737 2870 884 2940; x_wconf 84' lang='lat' dir='ltr'>Palinure,</span> <span class='ocrx_word' id='word_1_218' title='bbox 905 2866 1074 2941; x_wconf 79' lang='lat' dir='ltr'>relinqutsa</span> <span class='ocrx_word' id='word_1_219' title='bbox 1101 2850 1107 2861; x_wconf 72' lang='grc'><strong>’</strong></span> <span class='ocrx_word' id='word_1_220' title='bbox 1180 2954 1182 2963; x_wconf 25' lang='grc' dir='ltr'>Ι</span> <span class='ocrx_word' id='word_1_221' title='bbox 1275 2916 1276 2927; x_wconf 67' lang='grc'>,</span> 
     </span>
    </p>
   </div>
   <div class='ocr_carea' id='block_1_5' title="bbox 220 2950 1067 3533">
    <p class='ocr_par' dir='ltr' id='par_1_5' title="bbox 220 2950 1067 3533">
     <span class='ocr_line' id='line_1_32' title="bbox 299 2950 956 3031; baseline 0 -22"><span class='ocrx_word' id='word_1_222' title='bbox 299 2950 343 3010; x_wconf 91' lang='lat' dir='ltr'>Ne</span> <span class='ocrx_word' id='word_1_223' title='bbox 358 2952 437 3026; x_wconf 82' lang='lat' dir='ltr'>luge,</span> <span class='ocrx_word' id='word_1_224' title='bbox 459 2968 537 3014; x_wconf 88' lang='lat' dir='ltr'>neve</span> <span class='ocrx_word' id='word_1_225' title='bbox 550 2960 603 3014; x_wconf 90' lang='lat' dir='ltr'>tua</span> <span class='ocrx_word' id='word_1_226' title='bbox 618 2954 658 3014; x_wconf 88' lang='lat' dir='ltr'>sit</span> <span class='ocrx_word' id='word_1_227' title='bbox 671 2956 770 3014; x_wconf 90' lang='lat' dir='ltr'>minor</span> <span class='ocrx_word' id='word_1_228' title='bbox 783 2961 846 3012; x_wconf 91' lang='lat' dir='ltr'>arte</span> <span class='ocrx_word' id='word_1_229' title='bbox 862 2950 956 3031; x_wconf 84' lang='lat' dir='ltr'>fides!</span> 
     </span>
     <span class='ocr_line' id='line_1_33' title="bbox 259 3033 951 3111; baseline 0 -18"><span class='ocrx_word' id='word_1_230' title='bbox 259 3035 411 3109; x_wconf 89' lang='lat' dir='ltr'>Numquid</span> <span class='ocrx_word' id='word_1_231' title='bbox 421 3036 578 3099; x_wconf 81' lang='lat' dir='ltr'>Achilleos</span> <span class='ocrx_word' id='word_1_232' title='bbox 593 3038 670 3100; x_wconf 89' lang='lat' dir='ltr'>inter</span> <span class='ocrx_word' id='word_1_233' title='bbox 688 3039 753 3098; x_wconf 83' lang='lat' dir='ltr'>iera</span> <span class='ocrx_word' id='word_1_234' title='bbox 767 3035 884 3111; x_wconf 88' lang='lat' dir='ltr'>proelia</span> <span class='ocrx_word' id='word_1_235' title='bbox 898 3033 951 3093; x_wconf 76' lang='lat' dir='ltr'>ild</span> 
     </span>
     <span class='ocr_line' id='line_1_34' title="bbox 220 3119 948 3193; baseline -0.005 -14"><span class='ocrx_word' id='word_1_236' title='bbox 220 3128 254 3182; x_wconf 83' lang='lat' dir='ltr'>lb</span> <span class='ocrx_word' id='word_1_237' title='bbox 303 3119 444 3179; x_wconf 86' lang='lat' dir='ltr'>Deseruit</span> <span class='ocrx_word' id='word_1_238' title='bbox 456 3120 563 3182; x_wconf 86' lang='lat' dir='ltr'>levitas</span> <span class='ocrx_word' id='word_1_239' title='bbox 581 3120 815 3183; x_wconf 82' lang='lat' dir='ltr'>Automedontis</span> <span class='ocrx_word' id='word_1_240' title='bbox 829 3123 948 3193; x_wconf 77' lang='lat' dir='ltr'>equost</span> 
     </span>
     <span class='ocr_line' id='line_1_35' title="bbox 260 3201 1067 3280; baseline 0.001 -18"><span class='ocrx_word' id='word_1_241' title='bbox 260 3202 354 3275; x_wconf 83' lang='lat' dir='ltr'>Quem</span> <span class='ocrx_word' id='word_1_242' title='bbox 370 3205 464 3263; x_wconf 92' lang='lat' dir='ltr'>semel</span> <span class='ocrx_word' id='word_1_243' title='bbox 478 3205 607 3280; x_wconf 79' lang='lat' dir='ltr'>excepit,</span> <span class='ocrx_word' id='word_1_244' title='bbox 630 3202 776 3278; x_wconf 90' lang='lat' dir='ltr'>numquid</span> <span class='ocrx_word' id='word_1_245' title='bbox 789 3201 959 3262; x_wconf 89' lang='lat' dir='ltr'>Podalirius</span> <span class='ocrx_word' id='word_1_246' title='bbox 974 3216 1067 3279; x_wconf 77' lang='lat' dir='ltr'>aegro</span> 
     </span>
     <span class='ocr_line' id='line_1_36' title="bbox 299 3284 1004 3361; baseline 0 -17"><span class='ocrx_word' id='word_1_247' title='bbox 299 3284 483 3346; x_wconf 87' lang='lat' dir='ltr'>Promissam</span> <span class='ocrx_word' id='word_1_248' title='bbox 496 3288 633 3348; x_wconf 77' lang='lat' dir='ltr'>medicae</span> <span class='ocrx_word' id='word_1_249' title='bbox 647 3303 708 3346; x_wconf 88' lang='lat' dir='ltr'>non</span> <span class='ocrx_word' id='word_1_250' title='bbox 723 3286 788 3346; x_wconf 89' lang='lat' dir='ltr'>tulit</span> <span class='ocrx_word' id='word_1_251' title='bbox 803 3286 875 3345; x_wconf 88' lang='lat' dir='ltr'>artis</span> <span class='ocrx_word' id='word_1_252' title='bbox 891 3293 1004 3361; x_wconf 81' lang='lat' dir='ltr'>opeml</span> 
     </span>
     <span class='ocr_line' id='line_1_37' title="bbox 258 3368 1051 3445; baseline 0.004 -18"><span class='ocrx_word' id='word_1_253' title='bbox 258 3368 388 3443; x_wconf 89' lang='lat' dir='ltr'>Turpius</span> <span class='ocrx_word' id='word_1_254' title='bbox 403 3369 516 3442; x_wconf 82' lang='lat' dir='ltr'>eicitur,</span> <span class='ocrx_word' id='word_1_255' title='bbox 536 3385 627 3443; x_wconf 89' lang='lat' dir='ltr'>quarn</span> <span class='ocrx_word' id='word_1_256' title='bbox 643 3386 703 3429; x_wconf 92' lang='lat' dir='ltr'>non</span> <span class='ocrx_word' id='word_1_257' title='bbox 717 3369 882 3430; x_wconf 88' lang='lat' dir='ltr'>admittitur</span> <span class='ocrx_word' id='word_1_258' title='bbox 894 3369 1020 3445; x_wconf 86' lang='lat' dir='ltr'>hospes.</span> <span class='ocrx_word' id='word_1_259' title='bbox 1046 3396 1051 3413; x_wconf 80' lang='lat'>=</span> 
     </span>
     <span class='ocr_line' id='line_1_38' title="bbox 300 3449 980 3533; baseline -0.004 -19"><span class='ocrx_word' id='word_1_260' title='bbox 300 3449 383 3533; x_wconf 78' lang='lat' dir='ltr'>Quae</span> <span class='ocrx_word' id='word_1_261' title='bbox 396 3452 500 3530; x_wconf 84' lang='lat' dir='ltr'>patuit,</span> <span class='ocrx_word' id='word_1_262' title='bbox 522 3452 647 3513; x_wconf 82' lang='lat' dir='ltr'>dexuee</span> <span class='ocrx_word' id='word_1_263' title='bbox 662 3453 750 3514; x_wconf 82' lang='lat' dir='ltr'>iinna</span> <span class='ocrx_word' id='word_1_264' title='bbox 764 3452 804 3514; x_wconf 90' lang='lat' dir='ltr'>sit</span> <span class='ocrx_word' id='word_1_265' title='bbox 818 3469 871 3514; x_wconf 88' lang='lat' dir='ltr'>ara</span> <span class='ocrx_word' id='word_1_266' title='bbox 885 3468 980 3514; x_wconf 88' lang='lat' dir='ltr'>meae.</span> 
     </span>
    </p>
   </div>
   <div class='ocr_carea' id='block_1_6' title="bbox 0 0 1304 3812">
    <p class='ocr_par' dir='ltr' id='par_1_6' title="bbox 0 0 1304 3812">
     <span class='ocr_line' id='line_1_39' title="bbox 0 0 1304 3812; baseline 0 0"><span class='ocrx_word' id='word_1_267' title='bbox 0 0 1304 3812; x_wconf 95' lang='lat' dir='ltr'> </span> 
     </span>
    </p>
   </div>
  </div>
 </body>
</html>
