2598 3812
183 238 245 305 142
570 238 629 302 EX
649 238 796 302 ΡΟΝΤΟ

214 402 250 457 90
306 393 395 455 Gutta
409 398 466 469 per·
480 389 620 471 amenitas
633 389 697 452 ibat
713 389 823 453 abuma
837 406 942 467 genas.
1000 432 1003 439 ·

264 477 348 538 Haee
362 477 451 552 igitur
463 476 599 535 referens
613 481 646 535 et
657 474 742 550 qued
754 489 823 535 mea
841 477 967 538 erimina
978 475 1077 555 primi-

305 556 425 621 Emaris
443 558 535 618 venia
548 558 754 632 possa-latere
770 558 885 635 vides,-
1004 574 1008 581 ·
1068 558 1074 580 ‘

263 643 405 719 Respicis
421 641 576 717 antiquum
590 640 684 702 lassis
697 643 728 701 in
746 641 839 704 rebus
853 642 992 717 amisum,

304 725 520 799 Fomentisque
534 722 625 785 iuvas
637 727 766 785 uulnera
781 733 887 788 nasa-a
898 727 970 788 tuis.
994 762 997 771 ι
1045 764 1048 771 ι

215 817 251 874 95
263 810 322 871 Pro
338 808 459 885 quibas
470 807 596 884 optandi
613 807 640 868 si
654 807 745 870 nabis
765 810 855 884 eopia
871 810 933 883 dua·

138 958 141 963 ,
302 893 375 955 Tam
389 891 468 951 bene
482 904 540 967 pro
554 890 660 953 merita
677 893 838 954 commoda
851 894 932 953 mdis
946 906 1065 969 precer.

263 977 326 1039 Sed
341 975 367 1036 si
384 975 452 1037 seia
463 974 537 1034 mihi
551 974 660 1035 dentur
671 981 724 1037 iua
741 983 829 1051 vata,
849 976 1007 1054 precabar,

304 1059 344 1120 Ut
355 1058 408 1120 tibi
424 1057 464 1119 sit
482 1057 569 1119 salvo
586 1057 716 1119 Caesare
731 1060 818 1120 saiva
831 1076 954 1137 parens.

261 1142 346 1204 Haec
359 1157 433 1218 ego,
448 1156 518 1202 eum
532 1142 653 1219 iaceres
666 1144 771 1204 altaria
784 1144 909 1219 pinguia
920 1151 995 1220 tare,

201 1236 253 1290 100
306 1226 349 1287 i'e
364 1227 486 1288 solitum
503 1226 624 1286 memini
643 1228 742 1304 prima
756 1242 866 1303 rogare
883 1228 971 1289 deos.

208 1410 251 1504 4.
305 1447 482 1511 arrico.

266 1528 387 1641 Accipe
402 1564 596 1640 conloquium
610 1564 713 1642 gelido
725 1561 858 1626 Nasonis
875 1561 915 1625 ab
928 1562 1041 1640 Histra,

137 1657 144 1674 ‘
301 1648 415 1724 Attice,
434 1649 547 1709 iudicio
562 1662 624 1709 nen
643 1647 808 1710 dubitande
821 1662 918 1709 mea·
974 1660 980 1673 ‘

260 1730 379 1807 Ecquid
393 1732 493 1793 adhue
505 1748 646 1793 remanes
658 1746 775 1795 memor
787 1730 917 1792 infelicis
931 1731 1028 1807 annisi,

303 1815 424 1887 Deserit
436 1832 475 1877 an
494 1817 588 1892 partis
608 1817 753 1893 languida
768 1828 842 1877 eura
862 1822 958 1876 suasi

176 1966 179 1971 ,
232 1898 331 1960 §Nan
345 1901 388 1961 iia
407 1901 438 1960 di
451 1896 523 1959 mihi
542 1905 613 1960 sunt
626 1899 746 1971 tristes,
761 1905 794 1958 ιιι
813 1898 940 1959 eredere
952 1899 1068 1975 possim
1107 1920 1112 1929 ’
1215 1916 1221 1927 ’

301 1981 423 2058 Fasque
438 1989 541 2059 putem
555 1984 614 2043 iam
632 1986 663 2043 ie
680 1998 742 2042 non
755 1982 931 2043 meminisse
944 1983 1013 2043 mei.
1108 2023 1113 2032 -

261 2065 341 2127 Ante
356 2067 463 2126 osaias
477 2073 600 2126 nostros
619 2064 781 2139 iusserim,
800 2073 854 2146 tua
868 2081 991 2144 semper
1004 2067 1115 2143 imago,

193 2164 200 2181 ι
302 2147 340 2208 Et
358 2148 467 2209 videar
479 2150 580 2210 vuitus
593 2155 695 2210 meme
707 2144 814 2210 videre
832 2157 914 2212 tuos.

261 2231 349 2293 Seria
366 2233 460 2293 muita
472 2231 545 2292 mihi
559 2239 659 2293 tecum
673 2234 793 2294 conlata
806 2235 961 2306 recordor,

211 2320 246 2373 10
298 2314 362 2375 Nec
376 2314 447 2376 data
460 2316 601 2377 ineundis
615 2323 759 2393 tempora·
768 2332 868 2393 pauca
880 2317 967 2381 iocis.

260 2397 361 2473 Saepe
376 2398 454 2459 aitae
468 2400 567 2475 longis
586 2401 673 2461 visae
692 2401 884 2483 sermonibus
903 2401 1007 2476 horae,

300 2480 401 2558 Saepe
414 2482 470 2544 iuii
483 2479 618 2561 breviar,
634 2496 725 2561 quam
739 2501 808 2546 mea
820 2485 929 2557 verba,
950 2486 1028 2547 dies.

259 2565 360 2643 Saepe
373 2573 443 2627 tuas
458 2567 673 2629 venii'iaatum
682 2568 774 2630 modo
789 2582 910 2629 carmen
925 2569 966 2630 ad
983 2569 1065 2630 ands

298 2648 337 2711 Et
349 2665 431 2711 nova
443 2650 556 2712 iudicio
576 2652 698 2714 subdita
712 2666 801 2712 musa
815 2658 868 2711 tua
882 2660 939 2718 est.

213 2742 247 2794 ιιι
261 2732 349 2808 Quod
362 2741 395 2795 tu
409 2735 568 2809 laudares,
588 2737 703 2812 popula
721 2735 876 2812 placuisse
894 2734 1047 2809 putabam.

300 2816 366 2878 Hoc
385 2818 514 2893 pretium
530 2834 621 2879 rurae
636 2818 726 2880 dulae
738 2818 869 2880 reseniis
882 2824 957 2877 erae

260 2899 360 2975 thue
372 2917 461 2964 meus
475 2903 547 2964 lima
560 2916 651 2964 rasus
666 2904 743 2964 liber
756 2908 842 2965 esset
857 2900 955 2974 amici,

297 2983 364 3044 Non
378 2987 473 3045 semei
487 2986 643 3049 admonitu
656 2988 737 3047 faeta
749 2987 838 3048 litura
850 2990 903 3043 tuo
917 2989 975 3044 est.

256 3065 321 3128 Nos
336 3068 404 3127 iera
418 3068 559 3130 viderunt
572 3070 700 3147 pariter,
720 3085 779 3131 nos
798 3067 934 3144 poninus
949 3067 1058 3141 omnis,

208 3155 244 3211 20
298 3149 360 3211 Nos
374 3150 440 3224 via,
455 3168 513 3212 nos
529 3153 638 3214 iunctis
653 3171 746 3214 curva
759 3153 876 3214 theatra
889 3149 966 3212 lueis

256 3233 394 3308 Denique
408 3240 509 3295 tantus
525 3251 611 3297 amer
628 3237 733 3312 nobis,
754 3234 925 3307 carissime,
941 3249 1071 3311 semper,

297 3315 433 3391 Quantus
452 3318 483 3377 in
496 3319 632 3379 Aeacide
644 3316 868 3392 Nestorideque
881 3318 945 3380 fuit.
989 3347 991 3353 r
1099 3351 1105 3359 x

254 3398 321 3460 Non
335 3416 408 3475 ego,
422 3401 449 3462 si
462 3400 585 3462 biberes
601 3417 727 3462 securae
746 3404 858 3477 poeula
873 3401 992 3475 Lethes,

295 3481 447 3546 Excidere
465 3484 543 3547 haee
558 3485 680 3546 credam
694 3490 818 3567 pertore
832 3501 928 3562 posse
942 3492 1006 3547 tuo·
