2582 3810
552 122 793 226 'uersurum

304 315 427 377 Belides
442 320 472 375 et
486 316 590 376 stricto
603 315 752 375 barbarus
767 328 841 375 ense
856 321 951 392 pater,

266 400 411 474 Quaeque
425 399 481 457 viri
496 400 587 460 docto
602 406 722 459 veteres
737 413 868 473 coepere
882 400 1016 474 novique
1044 444 1046 451 ,
1066 462 1070 467 ,

301 483 441 553 Pectore,
458 483 580 542 lecturis
596 481 789 557 inspicienda
803 489 915 555 patent.

218 575 253 629 65
268 566 453 642 Quaerebam
468 566 587 639 iratres,
604 566 741 640 exceptis
756 565 872 626 scilicet
885 565 954 639 illia,

307 650 389 724 Quos
405 664 480 709 suus
496 656 614 724 opturet
628 664 688 708 nou
703 648 848 723 genuisse
863 665 986 724 parens.

267 733 463 808 Quaereutem
478 732 589 792 trustra
603 739 708 792 custos
723 746 740 790 e
754 731 881 792 sedibus
897 732 955 792 illis

307 816 504 890 Praepositae
520 823 625 875 sancto
640 814 729 875 iussit
743 814 828 875 abire
841 815 920 875 ioco.

265 899 369 959 Altera
382 899 495 973 templa
509 906 595 974 peto,
610 899 712 957 vicino
728 897 830 959 iuncta
844 898 977 959 theetroc

219 986 254 1045 70
308 983 391 1042 Haec
406 997 529 1056 quoque
543 989 629 1041 eraut
644 981 774 1057 pedibus
789 996 850 1042 non
865 982 1009 1043 adeunda
1021 981 1109 1043 meis.
1186 990 1189 998 '

262 1066 327 1126 Nec
343 1082 405 1140 me,
423 1081 501 1140 quae
515 1065 614 1126 doctis
629 1071 791 1140 patuerunt
804 1064 1036 1142 primiceriis,
1065 1138 1067 1147 Ι

304 1150 388 1209 Atria
401 1149 538 1209 Libertus
552 1155 676 1223 tangere
691 1164 787 1223 pessa
801 1165 858 1208 sua
872 1155 928 1208 est.

265 1234 298 1292 ln
314 1249 411 1307 genam
425 1234 557 1292 auctoris
571 1233 676 1293 miseri
690 1232 811 1292 seduna
824 1232 984 1305 redundat,

303 1317 340 1376 Et
355 1316 559 1391 potimuruati
574 1332 665 1390 quam
680 1315 845 1390 tulitipse,
860 1317 972 1389 iugem.
1031 1370 1035 1375 .

218 1407 254 1465 75
267 1400 405 1461 Forsitan
419 1405 450 1459 et
462 1398 552 1460 uobis
568 1399 638 1459 oiim
653 1400 753 1459 minus
767 1400 861 1473 asper
875 1407 905 1457 et
914 1398 960 1490 iili

305 1483 429 1543 Evictus
445 1484 536 1557 tango
551 1490 690 1557 tempore
705 1482 817 1542 Caesar
831 1482 895 1541 erit.
1037 1480 1089 1559 [do
1100 1489 1147 1542 est

265 1567 311 1640 Di,
330 1581 448 1642 precor,
459 1566 672 1642 atqueadeo..
674 1565 885 1639 nequeenim
897 1563 1188 1641 mihiturbarogau-

307 1649 434 1724 Caesar,
450 1650 526 1717 ades
542 1657 630 1721 voto,
646 1650 778 1709 maxime
792 1649 877 1722 dive,
892 1653 977 1708 meo!

192 1766 198 1771 =
266 1735 399 1807 Interea,
416 1734 559 1809 quoniam
571 1733 660 1794 statio
678 1733 750 1792 mihi
765 1731 888 1806 publicu
901 1732 1007 1792 clausa
1021 1737 1076 1803 est,

218 1828 254 1884 eo
305 1817 426 1876 Privata
441 1817 529 1876 liceat
543 1817 701 1890 delituisse
715 1817 793 1876 ioco.

266 1903 333 1962 Vos
349 1915 485 1974 quoque,
503 1900 530 1960 si
545 1900 592 1959 ias
608 1907 669 1974 est,
689 1915 746 1960 con
749 1901 817 1958 iusu
831 1897 951 1973 pudore
965 1864 1108 1973 repulsae
1157 1926 1161 1939 ι

308 1983 424 2044 Sumite
437 1983 577 2060 plebeiae
591 1982 726 2042 carmina
740 1988 846 2042 nostra
858 1997 978 2042 manus

203 2121 245 2215 2·
263 2114 350 2225 Ergo
366 2149 475 2209 eratin
492 2147 561 2209 iotis
577 2148 733 2225 Scythiam
748 2164 872 2224 quoque
885 2149 988 2210 visere
1001 2149 1124 2223 uostris,

309 2234 454 2308 Quaeque
467 2232 623 2308 Lycaonio
638 2232 720 2292 terro
734 2232 790 2292 sub
805 2249 864 2292 axe
876 2234 975 2293 iucett

267 2315 329 2377 Nec
344 2332 416 2388 vos,
432 2315 583 2388 Pierides,
598 2331 656 2375 uec
671 2315 764 2391 stirps
778 2315 898 2389 Letoia,
914 2323 1017 2377 vestro

305 2401 401 2460 Docta
415 2398 567 2459 sacerdoti
580 2399 668 2459 turba
680 2400 791 2460 tulistis
807 2415 907 2497 opem.

129 2538 133 2543 ⁴
223 2497 239 2548 5
252 2485 315 2544 Nec
329 2483 401 2542 mihi
417 2482 501 2557 quod
516 2483 575 2542 tusi
590 2497 663 2541 uero
679 2483 748 2542 siue
760 2484 900 2557 crimine,
920 2481 1056 2560 prodest,

312 2566 461 2642 Quodque
474 2566 574 2640 magis
591 2564 655 2625 vitu
668 2565 758 2626 Musa
772 2567 872 2626 iocata
887 2582 955 2626 mea
969 2572 1031 2625 cst·

269 2650 400 2709 Plurima
414 2649 470 2709 scd
486 2651 596 2724 pelago
610 2654 751 2723 terraque
765 2650 901 2724 pericula
919 2665 1047 2724 passum

307 2733 402 2793 Ustus
418 2733 456 2792 ab
471 2732 598 2792 assiduo
614 2732 726 2806 frigore
737 2732 851 2792 Pontus
866 2732 966 2792 habet.

270 2815 387 2891 Quique
402 2816 495 2889 fugax
509 2831 609 2875 rerum
624 2831 794 2889 securaque
809 2816 840 2875 in
856 2817 917 2875 otia
930 2820 1030 2886 natue,

195 2912 198 2919 ‘
220 2909 255 2964 10
308 2897 409 2957 Mollis
424 2907 454 2958 et
467 2899 617 2973 inpatieus
633 2906 702 2958 ante
716 2898 829 2961 laboris
843 2914 935 2972 erum,

271 2982 380 3044 Ultima
395 2997 474 3041 nuuc
488 2983 595 3055 patior.
631 2997 688 3041 nec
701 2998 750 3041 me
769 2998 853 3041 mere
865 2980 1005 3056 portibus
1025 2979 1132 3039 orbum

310 3064 455 3138 Perdere,
475 3065 618 3125 diversae
631 3081 688 3124 uec
702 3073 828 3140 potuere
845 3065 924 3139 viae,

273 3147 457 3222 Suffeoitque
471 3149 560 3207 maiis
574 3148 701 3208 animus.
728 3164 798 3207 nam
814 3163 926 3223 corpus
943 3146 981 3208 ab
995 3146 1046 3208 iiic

287 3278 290 3285 ⁴
313 3233 441 3306 Accepit
455 3232 553 3302 vires,
568 3230 683 3305 vixque
697 3232 824 3290 ferenda
835 3231 911 3291 tulit.

222 3328 254 3379 15
268 3318 344 3378 Dum
359 3323 458 3374 tamen
475 3321 504 3373 et
516 3315 615 3374 ventis
631 3314 741 3374 dubius
756 3314 890 3375 iactabor
904 3323 934 3375 et
947 3312 1048 3386 undis,

311 3399 446 3458 Faiiebat
465 3410 553 3458 curas
569 3413 723 3473 aegraque
737 3398 832 3459 corda
845 3398 946 3460 tabere
