2586 3820
479 238 534 315 iv,
557 237 733 302 ren-rsa.
837 215 861 294 ’.
1048 237 1110 304 275

118 405 177 459 nno
232 395 277 452 An
294 390 399 467 primia
412 396 512 451 turres
528 390 655 451 urbibus
669 392 721 453 illa
734 391 853 453 deditt’

187 475 309 540 Annuit.
338 475 438 535 ‘Unde
454 474 546 534 venit’
562 475 626 533 dixi
640 480 711 535 ‘sua
724 476 859 536 membra
870 476 997 536 secandi

229 562 396 634 Impetusi’
427 554 568 633 utineui,
582 558 677 618 Pieris
693 560 876 633 orealoqui=
936 574 939 581 ’
1043 627 1051 643 ,

188 643 305 721 ‘Phryx
318 656 395 716 puer
407 640 438 699 in
451 641 553 714 siliis,
569 642 646 701 laeie
661 642 852 718 spectabilis,
867 642 947 703 nnis

227 725 517 798 Turrigerameasto
534 725 630 784 vinxit
641 741 746 786 amore
760 727 866 786 deam:

103 846 108 863 ι
123 816 177 870 225
191 810 280 870 liano
297 808 488 868 sibiservari
501 809 610 882 voluit,
626 825 684 867 sue
697 810 810 884 templa
822 809 910 883 tueri,
948 831 954 846 =

222 893 267 952 ‘Et
281 892 357 951 dixit
369 890 524 966 “Semper
540 891 589 950 iae
602 904 678 965 puer
692 904 763 952 esse
777 893 891 951 uelis?

167 998 169 1005 ¹
188 978 244 1037 Ille
263 975 356 1035 fidem
370 973 463 1035 iussis
478 974 576 1047 dedit,
592 981 621 1033 et
635 973 693 1034 “Si
707 976 875 1049 mentiar,'’
888 976 986 1051 inquit

231 1058 383 1132 “Ultima,·
397 1075 457 1133 qun
471 1057 588 1131 fallam,
604 1057 643 1116 sit
655 1073 753 1118 venus
767 1059 819 1120 illa
837 1058 945 1119 mihl.”
1012 1096 1015 1103 v
1042 1075 1045 1079 ·

188 1143 290 1216 Fallit,
305 1142 379 1201 etin
392 1141 528 1218 nympha
546 1139 714 1215 Sagaritide
730 1142 840 1202 desinit
849 1158 935 1218 esse,

124 1230 177 1284 230
231 1226 319 1300 Quod
333 1225 397 1285 luit
425 1225 501 1283 Hine
516 1240 634 1300 poenas
648 1225 742 1298 exigit
754 1225 799 1284 ira
814 1226 900 1286 deae.

118 1324 122 1332 ’
187 1309 285 1370 Naida
298 1308 473 1368 volneribus
489 1308 622 1368 succidit
631 1308 661 1366 in
675 1308 785 1375 ardere
794 1309 898 1370 laetis.

226 1394 281 1452 llla
296 1392 382 1467 perit.
409 1393 503 1463 lutum
517 1391 625 1450 naidas
642 1391 733 1450 arhor
746 1398 827 1451 erat:

188 1476 244 1536 Hie
259 1477 341 1548 furit,
357 1481 387 1534 et
399 1475 529 1534 eredens
544 1474 666 1533 thalami
680 1475 1004 1550 procumbere-tectum

230 1558 357 1633 Effugit,
372 1565 402 1617 et
416 1574 508 1618 eursu
520 1557 674 1635 Dindyma
687 1575 804 1618 summa
818 1559 901 1634 petit

126 1641 177 1697 2⁹15
190 1643 330 1704 Etmodo
342 1643 451 1702 “Tolle
461 1643 599 1714 laeest,”
612 1643 799 1703 “Remove’'
812 1642 905 1702 modo
916 1643 1070 1703 “verbera
1077 1649 1109 1703 2²⁹
1214 1708 1220 1723 Ι

233 1808 334 1884 Saepe
348 1774 599 1887 Meletiuaefiurat
615 1788 726 1868 adesse
741 1726 921 1869 denglamat

75 1930 79 1943 .
190 1893 244 1953 Ille
259 1895 347 1953 etiam
362 1894 440 1954 salio
454 1906 567 1968 eorpus
581 1892 709 1953 laniavit
722 1896 823 1968 anuto,
918 1890 920 1897 '

230 1977 397 2052 Longaque
413 1976 443 2035 in
458 1977 614 2037 immundo
629 1977 754 2050 pulvere
768 1982 864 2036 traete
878 1991 967 2036 noma
980 1982 1038 2036 est.

191 2062 325 2135 voxque
339 2061 394 2119 luit
408 2060 545 2120 “Meruit
561 2061 683 2119 meritas
699 2059 738 2119 da
754 2061 902 2134 sanguine
916 2075 1043 2135 poenas.

128 2144 180 2200 240
230 2146 272 2204 At
295 2149 421 2218 pereant
435 2151 555 2217 partes,
569 2159 648 2218 quae
661 2157 794 2202 necuere
807 2143 879 2203 mihi
887 2149 920 2202 1²²
997 2146 1019 2174 ¹*
1119 2172 1121 2177 Δ

161 2266 163 2275 »
190 2229 258 2287 “At
279 2231 427 2301 pereant'’
443 2226 564 2287 dleebat
577 2227 691 2299 adlrue,
706 2242 784 2286 onus
798 2228 928 2302 inguinis
942 2228 1047 2302 aufert,

229 2310 378 2383 Nullaque
393 2317 463 2369 sunt
477 2310 576 2370 subito
593 2312 681 2384 signa
694 2311 800 2370 relieta-
813 2313 879 2371 uiri.
913 2307 915 2313 ’

190 2394 283 2455 Venit
296 2392 326 2451 in
341 2394 513 2467 exemplum
527 2395 611 2454 luror
624 2393 688 2467 hie,
702 2395 874 2469 mollesque
886 2395 1014 2455 ministri

134 2474 138 2481 “
233 2476 369 2536 Caedunt
382 2476 498 2536 iactatis
511 2477 585 2536 uilia
597 2477 737 2536 membra
746 2478 866 2538 onmis!

110 2612 113 2619 .
128 2569 179 2623 ilo
192 2559 315 2621 Talibus
332 2560 449 2619 Anniae
463 2560 595 2623 ineunda
609 2576 686 2620 voce
701 2560 851 2621 Camenae
885 2569 909 2595 ·.

230 2643 362 2704 Reddita
380 2643 509 2718 quaesiti
523 2659 618 2702 eausa
634 2644 747 2703 luroris
762 2649 839 2703 erat.
911 2668 914 2675 ’

106 2770 108 2775 -
191 2728 270 2787 ‘Hoc
284 2742 416 2803 quoque,
430 2726 494 2786 dux
508 2727 619 2802 operis,
637 2743 773 2796 moneas,
788 2740 908 2799 precor,
925 2725 1008 2786 unde
1019 2725 1112 2802 petita
1146 2762 1153 2773 ι

232 2811 368 2870 Venerit.
382 2825 429 2867 an
446 2816 551 2869 nostra
568 2825 691 2884 semper
703 2810 734 2868 in
750 2808 832 2867 Urbe
845 2809 937 2868 luitt’·

194 2894 379 2970 ‘Dindymon
394 2891 570 2970 etdybelen
584 2899 616 2953 ei
630 2898 789 2953 amoenam
802 2891 937 2953 sontibus
951 2891 1025 2953 iden

132 2976 183 3030 250
237 2975 363 3052 Semper
378 2984 407 3036 et
420 2976 528 3035 iliaeas
544 2975 639 3035 Mater
654 2974 767 3034 amovit
785 2989 871 3050 open.

195 3057 266 3118 cum
278 3060 397 3120 Troiam
409 3061 532 3119 Aeneas
547 3059 638 3118 Italos
654 3063 788 3133 portaret
800 3058 831 3119 in
843 3075 947 3136 agros,

234 3142 289 3201 Est
304 3144 362 3203 dea
376 3143 539 3204 saerileras
553 3157 652 3216 paene
667 3147 772 3201 seeuta
788 3150 885 3207 rates:

195 3223 258 3285 Sed
271 3228 406 3287 nondum
417 3227 487 3287 fatis
501 3224 588 3285 Latio
605 3240 664 3286 sna
675 3224 797 3285 numina
811 3226 899 3301 posei

236 3306 393 3384 Senserat,
409 3310 545 3371 adsuetis
561 3308 795 3384 substiteratque
807 3310 894 3393 locis,

130 3401 180 3454 255
194 3391 280 3464 Post,
298 3398 329 3450 ut
341 3392 438 3452 Roma
452 3401 560 3470 potens
577 3393 685 3469 opibus
699 3393 760 3453 iam
773 3393 897 3471 saecula
912 3392 1045 3471 quinque

233 3474 331 3552 Vidit,
347 3480 378 3536 et
390 3477 521 3540 edomito
536 3478 657 3541 sustulit
675 3475 749 3539 orbe
763 3483 861 3554 eaput,
889 3557 905 3600 *
