2598 3812
480 227 535 305 nr,
557 226 592 305 1,
613 226 732 305 co-o,
753 204 846 293 a'
1074 229 1136 295 159

210 382 284 445 Turn
298 380 361 456 tibi,
383 379 415 442 dt
430 380 548 454 iaciunt,
569 380 703 442 adeundi
717 337 808 458 copia
821 379 889 443 fiae
973 431 975 435 ,

250 467 425 529 Profectum
439 465 554 540 aliquid
567 472 629 525 tum
642 471 694 525 tua
709 467 801 526 verba
815 472 914 541 putes.
1030 484 1035 509 ¹

210 549 243 611 Si
259 551 333 627 quid
347 555 416 624 aget
429 546 536 623 nialus,
558 547 710 608 differtua
725 556 842 625 coepta
874 564 1013 624 caveque
1047 576 1080 584 ··
1120 576 1125 579 ·

146 642 199 696 llo
251 633 344 710 Spem
358 632 529 692 testinando
545 632 745 707 praecipitare
758 649 866 692 meam.

210 717 272 777 Nec
285 733 392 784 rursus
407 714 507 787 iubeo,
529 715 601 775 dum
615 715 655 774 sit
669 716 861 787 vacuissima,
882 730 1027 793 quaeras=
1051 742 1055 751 ι
1075 736 1078 747 ·

252 800 394 877 Corporis
408 798 449 857 ad
463 814 565 858 curam
579 798 633 857 vix
647 804 736 859 vacat
749 800 800 859 illa
813 800 872 859 sui.
886 864 888 868 ,
1030 812 1033 821 ·

210 883 299 944 Curia
313 899 382 943 oum
396 881 533 958 patribus
548 881 636 941 luerit
650 882 761 957 stipata
773 883 926 956 verendis,

248 966 307 1026 Per
320 980 419 1025 rerum
433 965 550 1026 turbam
563 970 595 1024 tu
610 980 734 1044 quoque
748 974 874 1041 oportet·
882 983 947 1036 aaa

146 1058 197 1113 115
209 1051 283 1111 Cum
296 1047 349 1110 tibi
363 1048 521 1123 contigerit
536 1048 649 1109 vultum
662 1048 786 1109 Iunonis
801 1050 895 1123 adire,

251 1133 312 1194 Fac
326 1132 370 1193 sis
385 1146 546 1209 personae,
570 1146 660 1206 quam
673 1137 786 1209 tueare,
808 1148 934 1194 memor.

209 1215 272 1277 Nec
286 1217 397 1276 lactum
412 1216 543 1275 delenda
557 1229 668 1274 meum.
698 1216 779 1275 mala
792 1231 886 1276 causa
899 1216 1017 1281 silenda
1029 1226 1085 1279 est

252 1300 299 1359 Nil
312 1300 370 1360 nisi
385 1299 533 1361 sollicitae
547 1298 608 1358 sint
620 1306 672 1359 tua
685 1298 781 1359 verba
793 1314 913 1374 preces.

209 1382 282 1443 'him
296 1383 427 1443 lacrimis
442 1383 592 1443 demenda
604 1397 691 1442 mora
704 1386 768 1455 est'
781 1385 1005 1461 summissaque
1020 1391 1101 1446 terra
1217 1382 1228 1399 ³

98 1520 103 1529 .
147 1474 200 1529 150
249 1467 300 1526 Ad
314 1481 374 1527 non
389 1452 524 1527 mortalis
538 1465 766 1525 brachiatende
780 1466 888 1541 pedes.
940 1494 942 1501 ·

98 1566 101 1575 ¹
209 1548 284 1610 Tum
297 1559 368 1625 pete
381 1551 422 1609 nil
437 1549 527 1621 aliud,
549 1564 645 1610 saevo
660 1549 720 1609 nisi
734 1548 772 1609 ab
787 1549 876 1610 hoste
889 1551 1040 1625 recedam,

248 1633 374 1695 Hostem
388 1634 537 1693 loctunam
551 1631 598 1692 sit
604 1632 678 1692 satis
693 1648 764 1692 esse
777 1632 859 1693 milti.

207 1716 297 1778 Plura
310 1718 433 1792 quidem
448 1716 586 1776 subcunt.
622 1716 680 1776 sed
694 1715 863 1776 disturbata
876 1717 984 1789 timore

249 1800 333 1860 Haec
349 1796 472 1876 quoque
485 1799 538 1859 virt
551 1799 666 1875 poteris
679 1815 759 1880 voce
773 1807 917 1860 tremente
931 1800 1025 1876 loqui.

147 1893 198 1947 155
211 1882 357 1960 Suspicor
370 1884 429 1944 hoc
444 1885 553 1944 damno
570 1884 634 1943 lore
649 1900 710 1945 non
723 1883 787 1943 tibi.
811 1883 921 1944 sentiet
933 1883 984 1944 illa

249 1968 291 2028 Te
304 1967 491 2028 maiestatem
506 1966 697 2042 pertimuisse
712 1983 807 2027 suam.
872 2006 875 2011 -

208 2051 278 2124 Nec,
296 2057 348 2112 tua
362 2051 389 2112 si
402 2050 476 2112 fletu
489 2052 665 2112 scindentur
678 2051 791 2125 verba*
803 2050 933 2115 nocebit.

247 2135 399 2195 Interdum
413 2135 553 2194 lacrimae
567 2135 704 2210 pondera
716 2135 805 2195 vocis
819 2134 940 2195 habent

208 2217 275 2278 Lux
288 2218 378 2278 etiam
392 2219 508 2293 coeptis
523 2219 612 2278 lacito
627 2217 709 2280 bona
721 2219 831 2279 talibus
846 2219 935 2290 adsit,

147 2306 199 2362 ito
248 2301 392 2376 Horaque
406 2303 591 2362 conveniens
605 2303 836 2378 auspiciumque
851 2302 968 2364 laveno.

209 2383 271 2444 Sed
285 2385 371 2460 prins
385 2385 527 2460 imposito
542 2386 656 2446 sanctis
670 2386 815 2446 altaribus
829 2386 891 2460 igni

247 2470 326 2528 Tura
342 2469 388 2528 fer
402 2469 441 2528 ad
456 2483 584 2543 magnos
593 2469 730 2544 ‘vinaque
744 2484 821 2545 pura
834 2470 921 2530 deos.

207 2549 232 2609 Ε
247 2551 356 2627 quibus
371 2559 440 2612 ante
455 2548 553 2612 omnis'
566 2553 735 2627 Augustum
750 2568 859 2612 numen
875 2553 980 2627 adora,

246 2634 588 2711 ngeniemquepiam,
607 2636 847 2711 participemque
860 2635 928 2693 tori.

144 2723 195 2779 165
208 2717 273 2778 Sint
286 2720 399 2780 utinam
412 2720 499 2779 mites
514 2719 603 2778 solito
613 2718 670 2779 tibi
684 2734 777 2791 more,
798 2725 930 2792 tuasque

250 2802 316 2863 Non
331 2803 416 2864 duria
429 2803 569 2864 lacrimas
583 2802 716 2864 vultibus
725 2800 894 2878 aspiciant!

152 2982 194 3074 2.
247 3016 433 3080 corran.

97 3181 103 3201 s
208 3097 310 3204 Quam
324 3137 401 3212 legis
417 3134 538 3196 anobis
552 3133 677 3196 missam
689 3132 752 3210 tibi,
774 3136 868 3208 cotta,
887 3137 1024 3211 salutem

244 3219 341 3280 Missa
354 3222 393 3281 sit
406 3228 440 3281 ut
452 3234 526 3281 vere
541 3218 767 3295 perveniatque,
786 3236 906 3295 precor.

202 3302 340 3377 Namque
352 3306 429 3366 meis
443 3320 556 3380 sospes
569 3303 693 3364 multum
709 3303 890 3364 cmciatibus
904 3302 1018 3378 aufers,

244 3387 344 3462 thue
358 3390 398 3448 sit
410 3404 429 3447 e
443 3387 532 3450 nobis
546 3403 619 3463 pars
633 3386 715 3447 bona
728 3388 822 3460 salva,
839 3387 925 3448 lacis.
1044 3384 1047 3389 ’

169 3476 186 3529 5
204 3466 339 3548 Cumque
352 3471 454 3533 labent
466 3472 576 3549 aliqui,
596 3470 768 3550 iactataque
779 3471 849 3534 vela
863 3470 1040 3546 relinquant,
