2582 3810
492 195 535 272 11,
557 193 732 260 ror-mr.

119 351 174 408 530
226 343 365 421 Parsque
377 345 420 407 tui
433 345 572 422 generis,
586 364 660 423 pars
674 348 729 409 tua
739 348 821 411 lacta
835 357 956 413 cauum

187 427 296 488 Invida
308 444 357 488 me
372 430 473 503 spatio
489 436 598 491 natura
618 434 751 493 coercuit
764 440 840 507 arto,

228 511 354 586 Ingenio
368 513 450 573 vires
465 514 656 588 exiguasque
670 516 764 575 dedit.

185 592 224 653 Et
237 601 338 654 tannen
352 596 403 654 ille
416 602 486 657 tuae
502 597 574 656 lelix
587 598 745 659 Aeneidos
761 605 867 659 auctor

228 677 358 738 Contulit
370 679 401 739 in
415 680 524 753 Tyrios
539 696 622 739 arma
636 681 793 756 virumque
806 689 902 753 toros,
920 741 925 757 ,

120 765 173 819 535
187 760 251 820 1100
264 762 380 836 legitur
388 777 462 834 pars
477 762 539 821 ulla
553 763 651 837 magis
666 764 705 823 de
719 780 849 840 corpore
862 773 935 838 toto,

229 843 323 916 Quam
338 859 400 904 non
416 845 547 918 legitimo
562 847 687 907 loedere
702 849 824 909 iunctus
839 863 934 909 antor.

185 924 333 1004 Phyllidis
345 927 394 987 liic
408 927 490 987 idem
503 934 686 1003 teneraeque
698 932 898 1007 Amaryllidis
914 931 1002 1006 ignes

225 1010 380 1071 Bucolicis
395 1010 514 1071 iuvenis
528 1013 643 1072 luserat
658 1020 728 1073 ante
737 1016 848 1079 modis.

186 1092 250 1154 Nos
266 1109 389 1168 quoque
402 1095 462 1155 iarn
477 1095 594 1169 pridem
609 1096 722 1170 scripto
737 1096 932 1173 peccavimus
945 1098 1020 1161 isto:

120 1179 174 1233 510
230 1175 418 1262 Supplicium
434 1178 546 1252 patitur
560 1194 621 1239 non
635 1195 717 1239 nova
731 1181 822 1256 culpa
835 1196 963 1242 novum=

188 1259 389 1334 carminaque
406 1260 575 1335 edideram,
591 1278 659 1322 cum
674 1269 704 1325 te
719 1262 829 1324 delicta
843 1271 997 1325 notantem

228 1341 386 1402 Praeteriit
399 1343 510 1404 totiens
525 1343 712 1420 inrequietus
727 1362 834 1422 eques.

186 1424 267 1499 Ergo
285 1440 365 1498 quae
378 1424 480 1486 iuveni
494 1427 566 1486 mihi
580 1444 642 1488 non
657 1428 794 1490 nocitura
807 1430 912 1503 putavi

230 1507 351 1582 Scripta
365 1526 472 1582 parurn
488 1510 639 1584 prudens,
655 1528 735 1572 nunc
749 1528 882 1573 nocuere
902 1513 979 1572 seni.
1086 1578 1091 1581 ,

120 1603 172 1658 515
188 1591 266 1654 Sera
278 1591 461 1653 redundavit
475 1593 587 1653 veteris
604 1594 739 1655 vindicta
753 1596 854 1669 libelli,

224 1674 323 1736 Distat
337 1680 367 1735 et
379 1692 400 1735 0
412 1675 508 1735 meriti
522 1683 659 1751 ternpore
673 1693 773 1752 poena
787 1678 844 1739 sui.

185 1759 230 1820 Ne
243 1764 343 1818 tamen
359 1774 447 1819 omne
460 1774 560 1818 meum
576 1760 685 1823 credas
707 1777 786 1836 opus
808 1776 880 1821 esse
894 1762 1065 1838 remissum,

229 1841 329 1916 Saepe
344 1842 416 1901 dedi
430 1849 553 1903 nostrae
565 1842 695 1917 grandia
708 1845 778 1904 vela
790 1844 856 1905 rati.
1112 1862 1114 1865 ·

188 1925 250 1986 Sex
264 1940 321 1999 ego
335 1925 496 1986 Fastorum
513 1926 624 2000 scripsi
639 1927 824 2001 totidemque
839 1926 967 2001 libellas,

121 2016 174 2072 550
229 2008 363 2083 Cumque
378 2024 435 2069 suu
451 2009 542 2069 linem
556 2024 663 2071 mense
678 2013 820 2071 volumen
834 2010 941 2071 habeta

185 2090 282 2166 quue
296 2097 348 2153 tuo
364 2105 461 2167 nuper
475 2093 621 2168 seriphum
637 2093 696 2157 sub
710 2094 846 2170 nomine,
863 2095 984 2170 Caesar,

226 2175 265 2234 Et
278 2174 331 2237 tibi
347 2181 498 2237 sacratum
511 2192 581 2238 sors
596 2192 666 2238 ntea
678 2179 758 2253 rupit
772 2194 860 2252 opus

185 2258 223 2319 Et
238 2258 378 2318 dedimus
392 2259 516 2332 tragicis
530 2260 677 2335 seriphum
689 2263 792 2335 regate
807 2260 972 2337 cothurnis,

228 2342 373 2416 Quaeque
386 2341 489 2416 gravis
504 2342 595 2403 dehet
607 2343 703 2404 verba
715 2343 881 2406 cothurnus
895 2345 996 2406 hahet.

121 2434 173 2487 555
186 2425 334 2498 Dictaque
345 2432 416 2486 sunt
428 2424 534 2498 nohis,
551 2428 692 2500 quamvis
705 2444 815 2487 uranus
829 2430 933 2489 0111100
947 2435 1056 2504 coeptu

227 2509 342 2578 Defuit,
357 2508 389 2569 in
403 2509 498 2568 iacies
513 2524 646 2585 corpora
660 2526 751 2571 versa
764 2526 873 2572 novas.

186 2592 287 2666 Atque
301 2591 414 2652 utinam
427 2606 557 2653 revoces
571 2594 705 2655 animun
718 2594 877 2669 paulisper
889 2593 928 2654 ah
943 2594 997 2669 ira,

226 2674 265 2734 Et
277 2690 377 2735 vacuo
391 2673 499 2737 iuheas
513 2674 584 2736 hine
597 2677 651 2737 tihi
667 2692 765 2752 pauca
778 2676 847 2750 legi,

185 2756 302 2832 Pauca,
319 2757 431 2832 quihus
447 2759 544 2832 prima
556 2774 686 2834 surgens
700 2759 741 2820 ah
756 2759 873 2833 origine
885 2761 998 2835 muudi,

120 2846 171 2901 550
224 2842 259 2900 ln
272 2847 324 2901 tua
338 2840 452 2901 deduxi
463 2848 615 2916 tempora,
632 2844 759 2916 Caesar,
774 2858 870 2916 opusz

185 2923 345 2998 Aspicies,
362 2930 507 2999 quantum
521 2925 645 2987 dederis
654 2924 731 2985 mihi
745 2926 879 2999 pectoris
894 2927 972 3003 ipse,

226 3006 354 3083 Quoque
370 3010 479 3068 lavore
491 3007 582 3067 animi
596 3015 686 3083 teque
701 3015 833 3082 tuusque
847 3026 965 3072 canam.
1056 3026 1060 3047 1

184 3088 251 3151 Non
267 3104 326 3166 ego
339 3090 476 3153 mordaci
491 3090 640 3152 destrinxi
653 3091 787 3161 carmine
801 3108 993 3170 quemquam,
1085 3151 1088 3158 .

225 3171 288 3234 Nec
302 3189 389 3236 meus
404 3174 495 3237 ullius
510 3175 636 3235 cumina
652 3191 763 3235 versus
777 3174 879 3239 hahet

122 3260 171 3316 565
185 3255 341 3319 Candidus
355 3275 376 3318 a
389 3257 505 3320 salibus
521 3257 649 3319 suffusis
664 3259 734 3319 felle
748 3259 861 3333 relugi:

225 3338 314 3400 Nulla
329 3347 478 3402 venenato
492 3342 593 3402 littera
604 3343 699 3403 mixta
713 3342 782 3404 1000
797 3349 854 3402 est.

185 3421 266 3484 inter
280 3429 326 3486 101
341 3424 463 3501 populi,
480 3425 899 3570 10100110110,1011100001ἑίἱ
952 3454 955 3460 ·
