2602 3816
198 194 264 265 alo
576 172 828 263 aasronuu

283 349 421 428 Namque
435 350 524 413 bum
536 350 692 425 uiuimus,
707 350 811 426 proles
825 348 987 415 manliam
998 349 1141 428 Superbi,

322 434 357 495 ln
370 433 489 497 medios
503 435 610 497 nostes
624 442 714 497 neele
726 434 941 495 silarwvenlc

235 517 239 523 '
282 516 436 579 Nudarout
448 516 763 591 gladiosr‘bccidile?
778 516 854 577 dixit
868 516 1039 579 ‘inereretur

323 600 389 660 Hoc
403 601 528 675 cupiant
541 601 649 661 iratres
661 599 905 675 Tuqniulusnue
919 606 1015 675 pater,

217 685 269 742 title
284 682 339 759 Qui
353 698 423 745 mea
437 682 551 744 erudeli
565 683 709 745 laceravit
724 683 850 745 verbere
864 685 970 757 tuga?

321 767 428 827 Dicere
444 774 476 825 ut
491 764 551 829 boe
566 773 688 841 posset,
704 766 836 829 verbera
846 781 958 840 passus
973 773 1047 827 erat.

280 850 366 910 Luna
379 849 443 909 luit
470 855 610 923 spectant
623 850 775 921 iuvenem,
790 849 973 923 gladiosque
985 849 1167 922 recondunt,

321 932 492 1007 Tergaque,
508 931 639 995 dcduclo
651 940 753 1006 reale,
768 938 871 995 uomla
884 932 996 992 duwe

280 1013 367 1076 Fient
381 1029 519 1089 quoque,
531 1024 564 1079 cl
577 1024 610 1080 ul
624 1032 727 1077 mcum
742 1021 861 1077 tueatur
874 1014 968 1088 bella,
983 1023 1157 1092 precantur.

218 1113 270 1171 τοο
321 1097 452 1159 Callidus
466 1099 579 1172 ignaris
592 1100 697 1161 adnuit
711 1096 760 1159 ille
776 1099 857 1159 viris.
1281 1128 1282 1183 p

279 1181 407 1256 lamque
420 1189 547 1257 pateus,
562 1183 658 1244 misso
672 1181 990 1256 genitoremappellat
1003 1182 1111 1256 emico,

321 1263 469 1325 Perdeudi
485 1265 602 1325 Gabios
614 1265 699 1342 quod
713 1264 772 1325 sibi
785 1272 933 1327 monstret
946 1265 1012 1329 ilar.

280 1346 394 1409 Hortus
409 1348 544 1409 odoratis
559 1348 684 1411 suberat
697 1349 881 1411 subeamus
895 1347 1008 1421 herbis,

318 1430 427 1491 Sectus
440 1430 563 1492 humum
577 1433 643 1493 rivo
656 1432 725 1501 lene
739 1431 876 1493 meantis
889 1445 998 1508 equae.

219 1524 270 1579 705
283 1512 346 1575 lllic
359 1514 537 1589 Tarquinius
552 1517 693 1577 mandata
705 1516 828 1577 latentia
840 1514 903 1575 nali

244 1660 247 1673 ,
320 1597 453 1673 Accipit,
469 1605 500 1659 et
511 1597 598 1673 virga
614 1599 676 1659 lilia
690 1614 809 1661 summa
822 1598 914 1659 metit

279 1681 407 1745 Nuntius
420 1688 454 1741 ul
466 1681 570 1756 rediit,
585 1683 780 1757 decussaque
795 1682 855 1741 lilia
870 1679 954 1751 dixit,

319 1764 413 1825 Filius
428 1766 583 1840 ‘Agnosco
599 1765 685 1827 iussa
698 1766 842 1840 parentis’
856 1763 907 1828 eil.

280 1847 342 1909 Neo
355 1863 455 1920 moro,
471 1847 656 1923 principibus
672 1849 771 1909 caesis
785 1863 824 1907 ex
838 1848 912 1909 urbe
927 1845 1050 1919 Gabino,

217 1936 269 1994 110
320 1931 488 1992 Traduntur
503 1932 630 1992 ducibus
644 1932 765 2003 moenia
778 1930 861 1991 nuda
873 1930 949 1995 suis.

279 2014 373 2088 ane,
388 2015 475 2075 nelos
489 2015 572 2088 visu,
587 2015 695 2077 mediis
710 2013 855 2075 altaribus
870 2014 978 2089 anguls

321 2096 405 2170 Exit,
419 2106 449 2157 et
463 2098 603 2158 extinctis
617 2097 738 2173 ignibus
753 2105 824 2157 exta
835 2097 925 2173 rapit.

280 2179 449 2240 Consulilor
461 2179 611 2241 Phoebus.
640 2180 715 2242 Sors
730 2190 777 2242 est
790 2181 832 2242 ila
844 2181 974 2253 reddita,
990 2179 1088 2241 ‘Matri

321 2261 377 2335 Qui
392 2262 509 2322 dederit
523 2265 664 2339 princeps
679 2266 800 2341 oscula,
815 2260 913 2325 v'iclor
932 2265 1010 2325 orit?

217 2348 267 2404 715
283 2343 394 2405 Oscula
408 2345 538 2421 quisque
552 2362 628 2407 suae
641 2350 728 2408 matri
742 2354 905 2424 properola
918 2348 1057 2421 aderunt,

317 2426 383 2486 Non
397 2426 547 2489 intellecto
562 2431 686 2491 credulo
699 2432 786 2492 turba
801 2432 870 2492 deo.

278 2509 389 2571 Brutus
404 2518 467 2571 erat
479 2513 561 2572 stulu·
576 2515 699 2588 sapiens
713 2516 854 2588 imitator,
869 2520 902 2575 ut
915 2522 997 2574 essct

317 2594 410 2655 Tutus
426 2594 464 2654 ab
478 2594 612 2669 insidiis,
628 2597 693 2657 dire
710 2598 863 2673 Superbe,
879 2598 947 2658 tuis.
1063 2644 1067 2649 ,

278 2677 332 2738 llle
345 2677 449 2741 iacens
464 2696 578 2754 pronus
593 2680 680 2739 matri
695 2681 778 2751 dedit
791 2682 897 2743 osenla
909 2683 1026 2751 Terrae,

163 2755 168 2766 “
216 2771 268 2829 llo
321 2759 458 2827 Creditus
478 2761 596 2824 offenso
611 2763 813 2839 procubuisse
827 2766 916 2840 pede.

281 2843 414 2918 Cingitur
426 2845 541 2907 intereo
553 2847 699 2909 Romanis
712 2848 816 2907 Ardea
831 2849 935 2923 signis,

315 2924 354 2985 El
366 2927 476 3001 patitur
494 2931 590 2990 lentos
610 2931 770 2992 obsidione
783 2946 894 2990 moras.

277 3008 356 3071 Dum
372 3017 475 3084 vacat,
490 3019 520 3071 et
532 3021 667 3074 metuunt
680 3014 786 3077 hostes
799 3012 984 3074 committere
998 3028 1140 3089 pugnam,

317 3091 444 3152 Ludilur
456 3094 486 3152 in
501 3097 625 3171 eastris,
640 3098 702 3157 otia
714 3098 802 3157 miles
815 3098 886 3171 ogit.

216 3182 267 3238 lae
280 3173 458 3250 Tarquinius
472 3176 590 3239 iuvenis
605 3180 707 3241 socios
723 3179 914 3257 dapibusque
928 3193 1074 3255 maeque

320 3257 448 3333 Accipit.
477 3275 516 3319 ex
529 3261 589 3322 illis
606 3278 680 3337 rege
693 3269 812 3322 creatus
827 3262 881 3320 aits
1020 3332 1022 3339 y

278 3339 367 3401 ‘Dum
382 3358 439 3402 nos
456 3343 586 3403 difficilis
600 3345 686 3420 pigro
701 3352 783 3404 leuel
793 3343 898 3403 Ardea
911 3344 1001 3418 bello,

319 3422 381 3483 Nec
396 3424 466 3485 sinit
485 3425 526 3485 ad
540 3427 652 3501 patrios
667 3441 749 3486 arma
763 3426 877 3487 referre
892 3428 977 3501 deos,
