2598 3812
81 254 85 267 Λ
151 138 216 245 tm
547 181 607 245 ux
627 180 775 243 cocco

277 331 373 408 Quive
385 339 573 410 repertorem
585 334 694 395 tonuit
707 341 772 397 ute
785 348 856 395 suot

184 425 219 479 ce
233 416 296 477 Sed
309 432 402 493 quam
414 424 511 478 morte
524 419 612 492 ierox
626 425 658 477 et
669 417 750 477 vinci
766 417 890 479 nescius
907 416 1010 492 cuuis,

274 501 347 560 Tum
360 516 539 576 numquam,
555 501 635 560 tuctu
650 514 742 576 poce,
757 498 875 560 cruoris
889 515 1006 560 amens.

233 583 338 657 Adde,
355 584 440 660 quud
455 584 602 659 ingenuos
617 583 763 644 didicisse
776 584 906 645 fideliter
918 591 1000 644 ortes

274 666 395 727 Emollit
408 682 526 742 mores,
540 681 600 727 nec
613 666 685 728 siuit
697 682 770 727 esse
787 668 881 727 ieros.

232 748 295 809 Nec
309 764 415 825 regum
429 749 591 826 quisquam
606 749 703 826 mmis
718 757 766 811 est
779 751 942 811 instructus
957 749 997 809 ub
1011 748 1082 824 iilis,

184 838 219 892 tc
273 833 395 893 Mitibus
409 839 461 893 uut
474 833 584 895 studiis
598 840 738 908 temporo
750 835 841 909 pium
854 833 947 894 dedit

234 914 373 975 carmina
385 922 543 977 testantur.
574 919 668 991 quae,
684 918 710 977 oi
724 925 777 978 tua
790 918 913 982 omuino
928 916 1042 989 dunos,

205 1034 208 1037 -
274 998 443 1059 Threicium
457 999 599 1060 iuvenem
613 1002 829 1076 composuisse
844 1016 963 1075 negem.

169 1130 176 1145 .
232 1081 316 1141 Neve
329 1081 387 1141 sub
401 1081 461 1142 hoo
474 1089 572 1143 tructu
586 1091 674 1144 votes
684 1086 766 1145 ¹foret
778 1085 886 1145 unicus
902 1082 1050 1159 Orpheus,

274 1163 409 1225 Bistonis
423 1166 546 1241 iugenio
560 1174 642 1227 term
656 1167 790 1243 superbe
802 1175 854 1229 tuo
868 1173 925 1228 est

182 1262 216 1317 55
229 1247 329 1323 thue
342 1247 396 1308 tibi
410 1257 457 1309 est
470 1251 603 1324 suimus,
622 1266 691 1310 cum
708 1265 760 1310 res
774 1252 815 1310 itu
829 1251 975 1326 postuict,
991 1264 1073 1308 umtu

274 1331 401 1393 Sumere
416 1340 445 1393 et
459 1333 561 1394 hostili
576 1334 692 1409 tingere
705 1335 801 1394 coede
814 1350 944 1407 monum,

231 1418 333 1492 Atque
346 1424 380 1477 ut
394 1432 428 1477 os
443 1432 578 1478 excusso
592 1417 723 1478 iaculum
737 1424 881 1494 torquere
893 1419 1010 1477 lacerto

275 1499 419 1575 Collaque
433 1500 550 1561 velocis
568 1499 692 1561 flectere
706 1501 816 1561 doctus
829 1502 909 1576 equi,
993 1566 1001 1585 ¹

231 1583 382 1658 Tempora
396 1585 441 1644 sic
455 1584 526 1644 doto
540 1592 610 1645 sunt
623 1584 732 1645 studiis
746 1585 799 1645 ubi
812 1585 893 1644 iustu
907 1583 1050 1660 paternis,

180 1675 216 1731 titi
270 1671 371 1741 Atque
389 1669 455 1731 suis
470 1669 603 1728 nunciis
618 1669 696 1728 tutte
711 1669 825 1744 quievit
837 1684 929 1743 opus,

232 1749 275 1810 lie
291 1757 342 1811 tuo
354 1759 544 1812 marcescunt
560 1766 616 1826 per
633 1751 742 1811 inertis·
756 1752 818 1812 otiu
833 1765 968 1824 somnos,

273 1834 390 1895 Lucida
402 1834 500 1895 Pieris
513 1836 614 1894 tendis
628 1835 658 1894 in
673 1842 756 1895 estre
769 1837 829 1894 viu.

232 1917 315 1978 Haeo
331 1933 455 1994 quoque
469 1932 520 1978 res
534 1918 650 1991 utiquid
664 1925 764 1979 tecum
777 1917 849 1977 mihi
865 1916 999 1980 foederis
1013 1914 1111 1977 offert

273 2001 419 2061 Eiusdem
433 2001 514 2061 sueri
528 2002 626 2061 cultor
638 2009 767 2076 uterque
780 2016 897 2062 sumus.
1186 2012 1188 2017 '

183 2086 218 2141 65
232 2083 281 2144 Ad
297 2092 397 2144 votem
410 2091 496 2145 votes
511 2082 629 2145 ommia
642 2084 768 2144 bruchio
781 2085 884 2158 teudo,

273 2168 365 2227 Terre
379 2166 419 2227 sit
429 2167 528 2227 exitiis
544 2175 576 2227 ut
590 2176 641 2227 tuo
655 2168 718 2249 tide
732 2168 819 2229 meis.

232 2250 298 2311 Non
314 2264 371 2324 ego
387 2249 483 2309 ccede
496 2265 612 2311 nocens
626 2253 656 2311 iu
670 2251 757 2317 Ponti
771 2252 860 2311 iitom
874 2248 953 2323 veui,

274 2332 406 2392 Mixtuve
421 2341 491 2393 suut
504 2340 609 2395 nostro
624 2334 690 2394 dim
705 2351 826 2395 venena
840 2350 944 2394 munus

219 2416 296 2476 «Nec
310 2431 378 2476 mec
391 2414 528 2477 subiecto
543 2419 682 2479 convictu
697 2426 746 2478 est
758 2434 879 2493 gemma
892 2417 1004 2478 ucetia

181 2511 216 2568 'te
269 2498 447 2559 Menduoem
461 2500 531 2561 linis
546 2500 732 2578 imposuisse
746 2510 858 2562 uotum.

233 2583 296 2643 Nec
312 2583 489 2660 quicquum,
505 2585 589 2660 quod
601 2587 671 2660 iege
685 2592 772 2645 vetuo
786 2580 986 2656 committere,
1002 2580 1077 2643 tocie

273 2666 329 2727 Est
341 2673 441 2727 tomen
456 2667 505 2728 his
519 2669 642 2743 gravior
654 2664 738 2729 noxe
750 2669 875 2731 idteodo
889 2668 972 2727 mihi.
1020 2662 1026 2671 “

233 2748 316 2810 Neve
329 2765 430 2826 rogos,
447 2750 527 2827 quoe
541 2753 589 2813 sic
605 2753 725 2813 stoicum
741 2768 832 2827 quom
846 2748 1025 2826 scripsimus
1042 2751 1154 2820 Artem,

275 2834 427 2894 innocuas
442 2835 533 2900 nobis
545 2837 623 2898 hoec
631 2843 718 2897 octat
732 2851 804 2896 csse
817 2849 936 2895 monus
1012 2853 1019 2877 -·

184 2926 218 2983 75
231 2912 349 2990 Ecquid
363 2925 525 2991 pmetureu
534 2921 701 2995 peccarim,
717 2932 865 2999 uocemue
878 2916 951 2992 noti,
1066 2952 1070 2961 ·

273 2999 313 3059 Ut
327 3000 417 3060 ieteut
431 3002 500 3061 solu
513 3004 603 3079 colpu
617 3003 675 3063 sub
690 3005 763 3063 Arte
777 3018 856 3062 meu.

232 3082 384 3158 Quicquid
395 3083 429 3142 id
443 3092 504 3158 est,
519 3084 623 3147 hebuit
639 3084 825 3147 moderatum
839 3078 969 3144 vindicis
984 3083 1069 3156 imm,

275 3166 330 3240 Qui
344 3165 401 3226 uisi
417 3169 547 3227 nutuiem
560 3171 600 3229 nii
615 3165 687 3230 mihi
702 3168 834 3244 dempsit
846 3167 979 3227 imnum.

231 3249 298 3309 Hac
312 3249 455 3325 quonium
469 3265 574 3325 careo,
589 3260 642 3313 tua
658 3267 740 3313 nuno
753 3251 865 3310 vicinio
878 3257 1021 3327 praestet,

183 3338 219 3394 80
272 3333 376 3393 inviso
390 3333 508 3410 possim
522 3341 603 3394 tutus
617 3343 650 3395 ut
664 3348 736 3395 esse
750 3334 829 3392 ioco.
