2598 3812
204 198 266 264 tra
482 175 485 183 ’
506 196 653 261 1e1u1s
673 216 703 261 v.
724 196 902 265 coo-uta.

113 370 117 377 ¹
172 376 180 385 ¹
222 356 275 414 605
290 352 355 426 Qua
369 350 605 413 suaPeuthiden
618 351 1058 432 proleseutultabyaugum,
1161 386 1203 399 --

326 434 410 497 Hace
424 443 545 496 maneat
557 434 608 495 teli
621 441 651 494 te
666 450 790 510 quoque
802 437 894 511 plaga
909 436 992 497 novi.

284 517 1068 597 Wfflmwmmmms,

326 601 389 661 Nee
402 600 508 677 possis
528 606 633 675 captas
648 600 720 661 inde
735 603 849 662 referre
862 616 979 662 manus.

283 682 522 758 Muneribusque
535 683 594 745 tuis
606 684 757 756 laedaris,
772 691 805 745 ut
821 685 941 759 Icarus,
955 683 985 745 iu
1001 699 1090 760 quern

218 765 900 831 bmmmwmmmm

284 849 432 926 Quodque
446 850 554 911 dolore
567 850 651 911 neeis
671 850 788 926 patriae
800 854 854 926 pie
866 850 928 910 illia
942 849 1020 924 lecit,

324 933 453 993 Vincula
467 947 523 1008 per
540 932 641 1008 laquei
655 933 703 992 lac
721 931 775 993 tibi
789 941 889 1008 guttur
902 940 959 994 eat.

284 1014 507 1090 Obstructoque
520 1016 629 1075 tamem
643 1016 770 1091 patiaris
788 1017 891 1077 limine
904 1016 983 1091 tecti,
1004 1067 1007 1071 .

324 1098 363 1159 Ut
375 1099 473 1173 legem
487 1114 606 1174 poenae
620 1098 669 1158 cui
684 1099 767 1159 dedit
781 1099 851 1176 ipsa
864 1116 986 1175 parens.

218 1188 270 1245 615
283 1181 365 1241 Illius
380 1183 520 1257 exemplo
540 1182 637 1242 violes
654 1182 816 1245 simulacra
828 1183 992 1257 Minervae
1113 1180 1117 1183 ”

322 1265 441 1325 Aulidis
455 1281 474 1324 a
487 1271 576 1341 portu
590 1265 642 1340 qui
656 1265 725 1324 leve
742 1266 830 1326 vertit
842 1265 908 1325 iter.

281 1347 507 1422 Naupliadaeve
520 1349 612 1408 modo
628 1363 745 1423 poenas
760 1363 817 1423 pro
832 1349 956 1411 crimine
970 1350 1048 1413 falso

239 1489 242 1493 ,
325 1428 422 1491 Morte
435 1432 518 1503 luas,
533 1446 591 1491 nec
604 1438 635 1491 te
649 1447 710 1507 noa
729 1432 878 1492 meruisse
892 1432 984 1494 iuvet.

280 1513 432 1574 Aethalon
447 1520 481 1577 ut
495 1514 558 1574 vita
572 1514 715 1589 spoliavit
729 1515 861 1575 Isindius
875 1515 1001 1592 hospes,
1158 1550 1200 1561 -—

217 1596 1104 1676 mommmmmmmfflm

280 1679 380 1755 thue
392 1679 563 1743 Melanthea
576 1680 708 1742 tenebris
723 1697 742 1741 a
758 1682 854 1742 caede
866 1684 1007 1745 latentem

274 1822 280 1831 ,
322 1763 457 1824 Prodidit
471 1765 573 1825 officio
590 1763 710 1825 luminis
726 1765 796 1840 ipsa
810 1780 937 1840 parenss

278 1845 330 1907 Sic
344 1854 396 1908 tua
410 1847 555 1913 coniectis
575 1847 728 1908 fodiantur
746 1855 872 1922 pectora
886 1850 964 1923 telis,

322 1930 374 1992 Sic
389 1945 499 2005 precor
516 1931 636 1993 auxiliis
651 1931 817 2006 impediare
830 1932 899 1992 tuis.

215 2020 268 2077 625
283 2014 385 2090 Qualis
400 2029 497 2088 equos
512 2021 619 2089 pacto,
639 2029 717 2088 quos
731 2015 818 2075 sortis
833 2015 942 2090 agebat
955 2015 1099 2092 Achilles,

321 2098 398 2157 neta
410 2096 521 2172 Phrygi
539 2096 659 2170 timido,
674 2112 737 2157 nox
750 2097 803 2157 tibi
817 2099 886 2158 tatis
900 2105 957 2159 eat

279 2180 342 2240 Nec
359 2185 392 2238 tu
406 2195 498 2252 quam
516 2180 637 2241 Rhesus
656 2195 765 2241 somno
780 2181 905 2242 meliore
920 2182 1071 2258 quiescas,

286 2314 293 2333 ,
323 2262 418 2339 Quam
437 2262 562 2323 comites
576 2263 679 2323 Rheso
694 2269 758 2324 tum
771 2264 870 2339 necis,
885 2273 955 2326 ante
971 2267 1046 2339 viae,

280 2344 376 2419 Quam
391 2360 470 2419 quos
490 2361 557 2407 eum
575 2346 686 2408 Rutulo
701 2347 789 2407 morti
802 2348 948 2410 Ramnete
962 2348 1111 2411 dederunt

217 2437 270 2493 630
323 2428 454 2506 Impiger
466 2428 648 2507 Hyrtacides
662 2430 907 2508 Hyrtacidaeque
921 2448 1034 2494 comes

281 2511 497 2586 Cliniadaeque
511 2514 603 2574 modo
619 2514 820 2575 circumdatus
839 2514 960 2590 ignibus
973 2518 1047 2577 atris

322 2593 459 2654 Membra
477 2595 558 2659 ieras
575 2596 701 2674 Stygiae
715 2597 925 2660 semicremata
938 2598 1015 2659 neci.

233 2734 237 2745 ,
279 2678 380 2753 thue
393 2680 489 2739 Remo
504 2695 606 2763 muros
623 2696 701 2741 auso
714 2681 1006 2754 transirerecautes,

320 2761 418 2821 Noxia
431 2763 491 2822 sint
505 2762 596 2839 capiti
609 2763 723 2824 rustica
736 2765 796 2825 tela
808 2773 871 2826 tuo.

214 2851 267 2908 635
280 2844 418 2920 Denique
434 2845 617 2909 Sarmaticas
631 2848 708 2908 inter
720 2847 901 2924 Geticasque
914 2847 1039 2922 sagittas

201 2990 204 2997 ,
319 2926 377 2986 His
389 2943 498 3002 precor
511 2938 544 2991 ut
556 2934 644 2992 vivas
659 2937 690 2991 et
705 2932 836 2992 moriare
849 2932 935 2994 loeis.

280 3009 364 3071 Haec
379 3010 431 3071 tibi
444 3014 592 3089 tantisper
606 3013 706 3076 subito
721 3016 781 3075 siut
794 3015 889 3076 missa
901 3013 1012 3086 libello,

322 3093 508 3156 Inmemores
522 3112 562 3165 ue
575 3114 633 3159 uus
649 3114 720 3159 esse
736 3113 865 3173 querare
882 3097 936 3159 tui.

278 3175 379 3237 Pauca
393 3177 529 3252 quidem,
544 3181 651 3255 fateor.
688 3181 745 3242 sed
760 3181 790 3240 di
805 3180 877 3241 deut
890 3181 977 3256 plura
989 3180 1114 3255 rogatis,

217 3268 269 3325 oto
324 3260 580 3340 Multiplicentque
594 3281 651 3325 suo
667 3270 740 3324 vota
752 3264 858 3323 lavore
870 3279 945 3326 mea.

281 3342 446 3406 Postmodo
462 3347 549 3421 plura
559 3349 660 3422 leges,
677 3354 707 3406 et
720 3361 829 3406 nomeu
844 3346 986 3413 habentia
999 3362 1113 3422 venun,

324 3428 361 3490 Et
375 3430 454 3504 pede
469 3445 529 3505 quo
544 3424 656 3492 debent
669 3429 750 3489 acria
763 3427 843 3492 bella
856 3430 930 3508 geri.
998 3469 999 3472 =
