2598 3812
146 194 209 264 ιιι
393 174 396 181 ’
540 193 769 259 uxnouro

227 348 364 412 Adiuvat
376 347 408 408 ia
423 346 503 408 bello
517 353 646 423 pacatae
661 363 764 410 ramus
780 347 897 410 olivaes

269 432 407 494 Proderit
420 436 576 492 auctorem
589 429 678 506 pacis
692 429 806 492 habere
820 431 917 492 nihil?

229 517 302 577 cum
316 516 394 576 leret
406 515 531 576 Aeneae
546 514 651 574 cervix
665 513 945 597 subiectaparenli,

269 600 384 661 Dicitur
401 600 472 675 ipsa
485 597 551 657 viro
567 596 689 656 ilamnra
704 598 830 659 dedisse
842 598 940 659 viaun

171 683 213 747 ‘35
226 682 296 744 Fert
310 681 386 745 liber
398 681 582 756 Aeneaden,
601 680 632 742 e't
644 696 707 741 non
721 682 779 742 iter
792 697 882 743 omne
900 681 1036 759 patebit?

270 769 311 828 At
323 765 440 844 patriae
454 773 542 841 pater
554 765 621 840 hic,
640 764 741 842 ipsias
760 765 812 826 ille
830 765 894 826 luit.
1008 768 1010 771 ’

227 850 342 927 Ecquis
356 849 398 910 ita
412 855 459 910 est
472 848 591 921 endu,
607 853 641 909 nt
654 848 758 910 limine
779 857 870 924 cogat
883 848 968 911 abire

269 934 432 1005 lactantem
445 931 555 992 Pharia
567 931 684 993 tinnula
697 932 789 993 sistra
802 938 917 994 manui

227 1019 306 1078 Ante
320 1018 411 1079 deum
423 1016 550 1077 Matrem
563 1030 660 1076 cornu
674 1014 785 1076 tibicen
800 1016 920 1077 adunco

178 1109 214 1163 lo
268 1101 341 1162 Cum
355 1101 449 1176 canit,
463 1099 594 1175 'exiguae
607 1099 676 1174 quis
692 1100 780 1175 stipis
795 1114 867 1160 aera
885 1105 997 1175 negati

152 1258 156 1267 ⁸
230 1184 350 1246 Scimus
358 1184 546 1260 'ab'imperio'
561 1182 628 1244 fieri
643 1183 685 1243 'nil
702 1183 763 1243 tale
776 1183 907 1245 Dianaea

270 1268 360 1329 Unde
373 1275 473 1329 taram
486 1267 584 1342 vivat,
603 1265 784 1327 vaticinator
797 1265 897 1326 habet.

229 1353 302 1427 lpsa
320 1359 445 1413 movent
458 1350 577 1411 animos
592 1363 775 1426 superorum
789 1349 914 1410 numina
926 1357 1060 1424 nostros,

270 1436 372 1510 Turpe
385 1436 506 1495 nec‘est
519 1435 573 1495 tali
588 1434 767 1495 credulitate
782 1434 862 1509 capi.

179 1524 214 1579 45
226 1517 287 1591 Eu,
308 1532 367 1593 ego
382 1534 439 1595 pro
455 1517 547 1579 sistro
559 1517 747 1596 Phrygiique
759 1517 907 1578 iorauriae
921 1517 995 1580 buxi

272 1599 376 1663 Gentis
390 1602 492 1662 Iuleae
505 1602 628 1663 nomina
641 1602 748 1661 sancta
761 1602 838 1662 lero.

230 1684 389 1745 vaticinor
406 1688 590 1761 moneoque.
620 1682 722 1745 locum
736 1685 807 1745 date
826 1700 915 1745 sacra
928 1683 1051 1745 ferenti!

271 1769 339 1829 Non
352 1768 440 1846 mihi,
455 1769 513 1831 sed
526 1784 635 1845 magno
655 1762 793 1844 poscitur
799 1762 861 1827 illo
880 1769 949 1829 deo.

231 1853 294 1914 Nec
309 1855 381 1929 quia
393 1854 445 1914 vel
462 1853 572 1927 merui,
595 1851 645 1912 vel
660 1851 748 1912 sensi
758 1850 906 1927 principis
920 1852 1005 1925 iram,

182 1944 217 1999 ⁵0
270 1939 299 1997 A
312 1938 402 1999 nobis
411 1938 519 2014 ipsam
530 1937 615 1996 nolle
629 1940 733 2012 putate
747 1935 817 1995 coli.
1050 1966 1066 2023 ρ

231 2020 303 2082 Vidi
316 2036 374 2096 ego
389 2021 535 2097 linigerae
550 2022 661 2080 numen
674 2019 812 2079 violasse
826 2018 969 2083 intentam
1044 2012 1050 2035 ⁰

274 2104 366 2164 lsidis
380 2103 497 2165 isiacos
517 2110 586 2165 autc
601 2102 711 2163 sedere
724 2103 824 2163 locos.

234 2187 333 2260 Alter,
348 2184 389 2247 ob
403 2187 473 2248 huuc
487 2186 616 2247 similem
630 2185 766 2262 priuatus
779 2185 893 2247 lumine
906 2184 1035 2263 culpam,

273 2269 589 2331 Clamabatmediase
602 2268 753 2330 meruisse
766 2270 827 2329 via.
859 2314 862 2319 ,
898 2300 905 2305 -
1029 2308 1032 2311 -

183 2361 218 2414 ot
231 2354 316 2417 Talia
330 2357 480 2416 caelestes
492 2354 560 2425 lieri
577 2354 743 2429 praeconia
757 2354 900 2429 gaudent,
949 2356 954 2370 '

272 2438 313 2499 Ut
326 2454 384 2498 sua
399 2439 474 2521 quid
491 2434 766 2510 valeantnumina,
781 2443 860 2498 teste
874 2436 1013 2512 probent.

233 2520 334 2597 Saepe
347 2522 449 2584 levant
463 2538 584 2599 poenas
599 2528 766 2598 ereptaque
783 2522 897 2581 lumina
911 2520 1051 2594 reddant,
1073 2556 1077 2563 ·

275 2604 349 2665 Cum
367 2605 446 2665 bene
463 2606 581 2680 peceati
599 2604 788 2681 paenituisse
802 2604 917 2665 vident

201 2720 204 2725 ·
232 2687 380 2769 Paenitet,
400 2694 435 2749 ot
455 2691 483 2750 si
497 2688 573 2764 'quid
590 2689 771 2749 miserorum
785 2687 919 2749 creditur
934 2684 999 2760 ulli,

185 2776 220 2832 60
274 2771 468 2855 Paenitet,et
482 2774 564 2835 lacto
577 2778 723 2846 torqueor
737 2771 806 2847 ipse
823 2786 902 2831 meo.

236 2854 425 2930 Cumquesit
438 2856 576 2929 exilium,
593 2854 691 2930 magis
708 2854 846 2915 estmihi
866 2854 957 2928 culpa
975 2850 1088 2911 dolori=

274 2937 392 3013 Estque
405 2941 469 3014 pati
487 2940 635 3016 poenam,
655 2954 747 3014 quam
761 2938 926 3009 meruisse,
945 2932 1056 2994 minus.

28 3058 35 3069 ι
157 3043 159 3046 ⁴
234 3021 274 3083 llt
291 3021 365 3081 milri
381 3022 413 3082 di
426 3024 563 3098 faueant,
584 3023 697 3100 quibus
712 3029 762 3083 cst
776 3019 964 3104 Q
981 3017 1070 3094 lpse=

276 3104 380 3166 Poena
392 3110 496 3181 potest
509 3106 605 3180 demi,
622 3107 712 3181 culpa
727 3103 871 3180 perennis
889 3101 957 3162 erit

184 3184 220 3252 65
232 3189 317 3250 Mors
332 3189 423 3250 faciet
441 3192 536 3263 certe,
551 3206 590 3250 ne
607 3189 679 3264 sim,
695 3203 764 3248 cum
780 3184 911 3258 venerit,
927 3185 1013 3244 exult

276 3273 321 3333 Ne
339 3289 402 3333 non
420 3274 587 3349 peccarim,
601 3288 685 3332 mors
702 3282 824 3345 quoquc
840 3282 903 3327 non
915 3267 1015 3329 faciet

235 3357 303 3418 lion
321 3355 411 3432 igitur
427 3355 548 3428 mirum,
569 3356 597 3414 si
610 3369 698 3414 mens
711 3354 781 3411 mea
797 3350 901 3411 tabida
918 3348 1001 3413 lacta

277 3440 324 3501 De
337 3439 410 3503 nive
423 3438 572 3502 manantis
586 3452 672 3501 more
684 3433 830 3513 liquescit
848 3449 956 3513 aquae.
