2602 3816
192 201 255 265 Μ
568 200 592 264 F
599 200 822 263 ASTORUM

275 354 325 414 Ad
339 351 465 430 primam
480 367 588 414 vacem
600 352 720 414 timidas
734 351 891 414 advertitis
909 367 1008 431 aures,

213 445 263 502 180
315 437 354 498 Et
367 437 464 497 visam
476 437 605 512 primurn
619 436 752 497 eonsuiit
762 450 859 510 augur
872 451 970 496 avem.

273 521 397 597 Tempta
411 526 514 595 patent
528 528 678 593 auresque
693 520 798 590 deum,
815 534 872 580 nee
885 520 987 594 lingua
1001 520 1139 583 eadueas

315 603 452 679 Concipit
465 604 526 662 ulia
541 617 665 678 preces,
679 602 819 677 dietaque
833 603 953 677 pondus
966 603 1101 665 habent’

274 686 415 748 Desierat
427 685 527 745 ianus.
554 686 716 759 perlonga
729 684 847 745 silentia
862 685 930 760 ieri,

317 769 381 830 Sed
395 769 478 843 tetigi
491 766 594 828 verbis
607 769 711 831 ultima
723 767 818 828 verba
833 769 924 828 meis=

211 856 262 913 185
276 853 367 928 ‘Quid
380 853 444 912 volt
459 852 560 927 palma
574 851 631 911 sihi
645 866 823 926 rugosaque
833 852 961 925 eadee?
979 853 1043 915 dixi

314 935 363 996 ‘Et
376 934 449 995 data
460 933 518 995 sub
532 934 623 995 nivea
638 935 760 995 condita
772 935 862 994 meila
876 935 987 996 aadot’

272 1019 392 1081 ‘Omen’
408 1017 450 1077 ait
462 1016 571 1078 '‘eausa
584 1023 646 1093 est,
660 1025 694 1077 ut
705 1033 756 1078 res
769 1033 864 1094 sapor
877 1016 927 1079 iiie
941 1026 1094 1095 sequatur,

298 1102 350 1161 ut
363 1109 487 1177 peragat
500 1106 641 1176 coeptum
656 1100 754 1162 duleis
767 1107 801 1161 ut
813 1116 912 1162 annus
926 1102 1003 1163 iten’

272 1185 393 1245 ‘Dulcia
408 1199 461 1247 eur
474 1183 595 1258 dentur,
609 1184 710 1245 video.
739 1184 826 1259 stipis
841 1185 928 1245 adite
943 1201 1078 1263 animam,

94 1328 98 1335 .
211 1276 262 1333 190
314 1268 389 1328 Pars
405 1267 477 1327 mihi
490 1268 529 1328 da
543 1269 620 1328 festo
635 1283 674 1326 ne
688 1266 935 1329 interdiana>

272 1351 366 1426 Risit,
381 1358 411 1411 et
424 1349 461 1410 (Ο
476 1366 568 1425 quam
582 1359 613 1412 te
627 1351 732 1411 faliunt
743 1355 797 1411 tua
810 1353 934 1412 saecuta
940 1357 965 1428 ,²
976 1351 1052 1413 dixit

315 1434 383 1510 ‘Qui
398 1434 478 1511 stipe
492 1435 550 1494 inei
563 1441 684 1510 sumpta
698 1435 816 1496 dulcius
831 1449 902 1497 esse
917 1442 1021 1511 putas!

272 1518 403 1594 virago
419 1517 548 1579 Saturno
564 1533 745 1596 quemquam
758 1526 903 1593 regnante
917 1519 1065 1592 videbam,

157 1668 162 1672 ,
317 1602 408 1663 Cuius
423 1618 484 1663 non
498 1602 598 1662 animo
613 1601 713 1662 dultia
725 1601 810 1661 luera
824 1602 930 1663 iurent

111 1749 115 1757 ,
211 1689 262 1746 195
274 1685 422 1762 Tempore
435 1684 530 1746 erevit
543 1700 642 1759 arnor,
658 1685 709 1759 qui
723 1701 802 1744 nune
816 1692 863 1745 est
876 1701 1026 1761 summus,
1037 1683 1199 1769 ‚habendi

314 1770 375 1829 Vix
388 1771 480 1841 ultra,
496 1784 558 1844 qua
572 1768 633 1828 iam
648 1768 986 1844 progrediatur,.habet

271 1852 369 1915 Pluris
385 1868 461 1928 opes
476 1867 556 1912 nune
570 1856 654 1925 sunt,
669 1866 760 1928 quarn
773 1852 866 1927 prisci
878 1853 1028 1928 temporis
1037 1852 1137 1926 annis,

314 1937 392 1997 Dum
406 1935 539 2012 pdpulus
554 1950 684 2011 pauper,
700 1933 774 1993 duur
785 1950 868 1994 nova
880 1937 977 1997 Roma
991 1936 1059 1997 init:

273 2021 351 2082 Dum
365 2035 439 2079 ausu
450 2019 647 2093 Martigenam
661 2016 800 2092 capiebat
814 2035 910 2094 parva
924 2019 1089 2094 Quirinum,

209 2114 262 2168 200
315 2102 353 2161 Et
369 2101 460 2161 dabat
473 2102 615 2177 exiguum
630 2101 762 2162 fluminis
777 2104 849 2162 ulva
861 2108 970 2163 torum.

274 2185 409 2261 luppiter
422 2191 552 2259 angusta
564 2186 617 2244 vix
631 2191 713 2245 totus
728 2185 828 2246 stabat
840 2187 871 2246 in
884 2187 970 2263 aede,
1057 2178 1072 2259 f

314 2268 409 2341 inque
423 2268 506 2328 lovis
523 2269 630 2328 dextra
643 2269 733 2329 fietile
747 2269 859 2329 fulmen
874 2279 947 2332 erat

261 2351 443 2421 ,Frondibus
458 2350 620 2426 ornabant,
636 2368 716 2428 quae
729 2369 809 2412 nune
824 2354 969 2429 Capitolia
980 2353 1117 2429 gemmis,

315 2433 524 2512 Paseebatque
539 2451 611 2496 suas
627 2436 699 2511 ipse·
708 2445 831 2497 senator
845 2453 930 2497 oues.

211 2526 263 2580 205
275 2519 337 2579 Nee
350 2518 464 2594 pudor,
479 2521 511 2578 in
522 2519 632 2594 stipula
646 2520 796 2594 placidam
810 2516 932 2595 cepisse
945 2521 1075 2596 quietem

149 2679 153 2682 .
315 2603 353 2662 Et
366 2604 489 2663 faenum
503 2603 594 2678 aepiti
608 2603 813 2678 supposuisse
826 2605 890 2664 tuit.

273 2688 343 2748 Iura
358 2687 451 2747 dabat
463 2687 586 2762 popuiis
600 2687 700 2761 posito
714 2687 806 2748 mado
821 2693 945 2761 praetor
956 2694 1063 2760 aratra,

314 2769 352 2830 Et
364 2771 442 2830 levis
456 2770 572 2845 argenti
586 2770 728 2830 lammina
741 2770 854 2830 crimen
869 2778 942 2830 erat

274 2853 315 2912 At
329 2861 491 2928 postquam
505 2855 626 2914 fortuna
639 2853 698 2912 ieci
713 2860 803 2928 eaput
816 2853 921 2914 extulit
934 2852 1032 2926 huius,

212 2949 264 3002 210
317 2935 355 2995 Et
367 2937 463 3011 tetigit
477 2953 594 2998 summo
609 2938 722 2997 vertiee
735 2937 834 3001 Roma
845 2937 933 3007 dees,

277 3018 443 3079 Creverunt
455 3027 486 3078 et
499 3035 574 3095 opes
590 3026 620 3080 et
634 3037 726 3096 opum
739 3020 855 3080 furiosa
869 3017 990 3094 cupido,
1052 3061 1055 3067 .

313 3100 365 3174 Et,
381 3116 448 3161 erun
465 3104 645 3176 possideant
656 3103 800 3180 piurima,
818 3104 904 3178 piura
917 3109 1030 3177 petunt

168 3173 176 3184 ’
274 3183 438 3259 Quaerere,
453 3192 485 3244 ut
497 3185 671 3261 absumant‚·
685 3186 843 3260 absumpta
856 3186 1011 3260 requirere
1026 3188 1149 3261 certam,

314 3269 417 3343 Atque
429 3268 516 3343 ipsae
528 3269 609 3330 vitiis
625 3274 696 3330 sunt
708 3269 848 3328 alimenta
860 3270 955 3329 vires.

209 3359 260 3412 215
275 3349 325 3412 Sic
341 3352 451 3426 quibus
465 3351 601 3412 intumuit
614 3350 733 3412 suffusa
745 3358 852 3411 venter
864 3352 903 3412 ab
917 3353 1007 3425 unda„

316 3434 381 3508 Quo
396 3436 466 3511 pius
481 3441 551 3517 sunt
562 3440 668 3512 potae,
682 3436 753 3511 pius
767 3434 906 3497 sitiuntur
920 3452 1029 3513 aquae.

706 3714 721 3747 D
