2582 3810
456 213 508 288 rv,
526 209 557 287 a
575 204 693 285 ca-a,
710 206 765 273 aa.

135 376 175 430 25
186 365 227 426 Et
241 360 364 424 veniunt
378 368 492 437 aestus,
513 369 544 424 et
557 362 773 423 mcxirmtettsa
787 358 915 437 uidetur,

230 448 388 522 Fessaque
402 447 503 507 iactati
518 446 658 523 ccrpcu‘s
671 458 747 506 essa
761 444 885 505 deleat?

188 532 257 592 Non
271 531 414 605 equidem
429 529 543 605 dubito,
564 531 638 606 qma
651 529 729 589 iteec
741 534 775 589 et
787 533 889 588 cetera
901 528 984 602 fiant,

230 615 349 689 Datque
361 619 430 673 tuus
443 615 551 673 maesti
566 614 656 689 sigua
670 610 788 674 doloris
799 626 895 684 auter,

190 697 252 758 Nec
266 696 401 756 cruciere
414 696 524 770 minus,
547 710 637 773 quem
652 710 723 757 cum
734 694 880 756 Thebaite
893 702 1047 758 cruenwm

135 788 178 842 30
230 781 361 840 Hectora
374 780 552 840 Thessaiicc
566 782 643 841 vidit
652 770 695 840 ab
709 792 768 841 axe
782 779 860 855 rapi.

191 862 268 938 Quid
282 868 381 923 tamen
395 863 464 939 ipse
477 876 596 939 precer,
616 864 731 924 dubito.
765 878 823 923 uec
837 864 939 925 dicere
953 876 1089 939 pessum,

229 945 379 1007 Atrectum
394 960 485 1022 quem
498 952 529 1007 tc
545 947 654 1009 mentis
667 947 782 1007 habete
794 945 896 1007 veiim.

190 1030 294 1090 'tristis
308 1036 365 1089 est
383 1029 533 1107 indignor,
556 1030 642 1105 quod
656 1044 724 1090 sum
736 1029 792 1091 tibi
806 1044 900 1090 catrsa
913 1030 1047 1093 dcicris=

230 1113 296 1174 Non
310 1119 368 1173 est
393 1121 423 1174 at
436 1114 551 1174 emisse
566 1114 698 1188 certiuge
707 1113 812 1188 digua,
832 1114 927 1175 iares.

139 1207 181 1262 35
190 1197 234 1257 Tu
248 1212 321 1256 vero
336 1202 389 1256 tua
402 1196 512 1258 damna
527 1198 606 1273 dole,
625 1196 784 1259 mitissima
797 1198 941 1271 coniunx,

229 1279 360 1357 Tempus
376 1286 405 1341 et
419 1297 438 1339 a
451 1282 564 1341 nostris
576 1280 768 1359 migeti-iste
779 1281 878 1355 maiia,

190 1362 303 1439 Fieque
316 1378 403 1423 meos
418 1378 519 1424 casus.
550 1372 598 1424 est
612 1364 762 1438 quaedam
775 1361 852 1424 flere
864 1364 1024 1442 vciuptasa

229 1446 375 1522 Expietur
388 1446 519 1507 lacrimis
534 1447 727 1522 egeriturque
739 1446 839 1509 dcicr.

190 1530 291 1605 Atque
304 1528 417 1590 utinam
430 1530 563 1605 lugenda
575 1529 629 1590 tibi
643 1544 705 1589 acm
720 1528 791 1604 dita,
811 1530 868 1591 sed
882 1541 966 1593 esset

145 1619 184 1673 40
236 1610 320 1674 Mors
334 1628 410 1684 mea
429 1619 527 1673 morte
540 1614 623 1673 iures
639 1615 707 1673 seta
719 1614 825 1673 redicta
837 1622 920 1674 meat

190 1695 318 1773 Spiritus
332 1695 382 1757 hic
398 1703 497 1772 perte
513 1697 625 1770 patrias
640 1695 758 1756 auisset
769 1696 801 1756 iu
813 1710 918 1770 utras,

230 1779 424 1856 sparsissent
437 1779 580 1840 {amimae
593 1787 720 1857 pectem
733 1778 839 1841 nustm
851 1780 930 1855 piae.
964 1814 967 1835 .
1004 1802 1009 1812 ·

189 1863 402 1940 Supremcque
415 1865 465 1924 die
478 1868 583 1925 motum
598 1863 767 1941 spectantia
782 1863 919 1923 caelum.

228 1947 389 2008 Texissent
403 1946 487 2023 digiti
500 1947 613 2007 lumina
626 1955 731 2009 nostra
741 1947 796 2025 tui,

139 2040 176 2094 45
186 2029 224 2091 Et
238 2031 314 2091 cinis
327 2030 359 2089 in
370 2032 484 2091 tumulo
499 2032 618 2111 positus
632 2032 778 2093 iacuisset
788 2030 884 2104 avite,
982 2058 986 2069 ·

227 2114 381 2189 Tectaque
393 2114 530 2174 nascemt
545 2130 659 2191 cerpus
672 2115 798 2176 maeret
810 2114 929 2175 humum

187 2198 325 2273 Denique
340 2198 411 2257 dum
427 2199 489 2257 vixi
503 2198 570 2258 sine
585 2199 717 2272 crimine,
739 2205 875 2259 mortuus
890 2213 1000 2277 essem,

226 2282 290 2341 Nec
302 2296 372 2340 mee
386 2281 537 2356 supplicio
549 2282 613 2342 vita
626 2282 771 2358 pudenda
784 2283 872 2342 toret
908 2278 911 2285 '
986 2290 991 2299 ’

187 2360 237 2425 ide
250 2365 409 2438 miserum,
430 2366 457 2425 si
471 2373 513 2439 tu,
533 2378 604 2426 eum
616 2367 730 2426 dicere
743 2365 841 2427 exulis
854 2380 942 2440 uxor,
997 2392 1004 2405 ι

140 2463 178 2515 50
225 2448 347 2508 Avertis
360 2449 461 2508 vultus
474 2456 507 2508 et
520 2449 601 2510 subit
614 2462 669 2509 cra
681 2450 791 2511 ruaart
901 2453 905 2489 ῑ

186 2532 236 2592 Me
250 2532 402 2605 miserum,
424 2531 451 2592 si
465 2539 554 2608 turpe
567 2538 660 2608 putas
673 2532 747 2592 mihi
761 2539 858 2609 nupta
868 2532 982 2593 videti!

227 2615 277 2675 Me
290 2614 444 2686 miserum,
467 2616 494 2676 si
507 2622 538 2675 te
551 2615 611 2676 iam
625 2615 722 2692 pudet
734 2631 806 2676 asse
818 2623 933 2675 meamt

186 2699 317 2774 Tempus
331 2697 383 2757 ubi
396 2705 445 2758 cst
458 2699 541 2772 iliud,
565 2714 627 2777 quc
637 2707 671 2760 te
681 2700 797 2759 iactare
810 2697 935 2759 sclebas

229 2781 371 2856 coniuge,
394 2796 452 2842 nec
465 2797 576 2843 nornen
588 2782 782 2843 dissimulare
792 2780 874 2841 virit

138 2875 174 2927 55
185 2865 316 2939 Tempus
330 2864 383 2925 ubi
398 2871 459 2938 est,
482 2882 545 2941 quc
556 2871 625 2927 te...
639 2866 698 2925 nisi
712 2879 773 2924 neu
786 2864 901 2925 visilia
913 2866 1056 2928 reterri...

227 2948 265 3007 Et
278 2948 348 3022 dici,
368 2948 498 3023 memini,
520 2949 595 3009 iuvit
609 2955 640 3008 et
653 2962 725 3008 esse
738 2955 858 3008 meam!
979 2956 983 2963 “

186 3031 286 3106 thue
301 3028 420 3108 probae
431 3032 556 3107 dignum
570 3037 626 3105 est,
646 3031 730 3093 cmni
742 3031 796 3093 tibi
810 3033 884 3094 dcte
896 3033 1068 3110 placebam

224 3114 366 3177 Addebat
379 3117 461 3176 veris
475 3115 568 3175 muita
581 3115 713 3176 tacende
726 3130 822 3178 amur.

186 3197 256 3271 Nec,
273 3215 363 3275 quem
374 3200 545 3276 praeterres
595 3199 638 3259 ita
651 3214 703 3260 res
715 3198 771 3261 tibi
781 3216 895 3276 magua
905 3199 1072 3260 videbar...

139 3288 177 3343 tit)
227 3280 383 3358 Quemque
395 3284 480 3344 tuum
494 3283 600 3343 maiies
613 3298 694 3355 esse,
716 3284 766 3343 vir
777 3285 852 3344 atter
864 3290 939 3344 erat.

186 3363 272 3425 Nunc
287 3381 463 3440 quoquere
476 3368 602 3443 pudeat·
613 3367 697 3442 quod
711 3368 755 3427 sis
769 3367 841 3426 mihi
855 3373 958 3443 nupta
978 3374 1109 3444 tuusque

226 3446 293 3507 Non
311 3448 402 3510 debet
415 3449 504 3511 dctcr
516 3451 602 3527 hinc,
625 3450 717 3513 debet
732 3449 843 3512 abesse
856 3450 967 3527 pudor.
