2582 3810
472 173 532 287 ur,
552 206 589 286 t,
611 207 730 286 11-5‚
751 208 781 275 r.
1089 209 1131 276 ts

204 362 365 438 Bosporos
381 368 411 424 et
423 344 534 425 Tenuis
549 370 696 439 superant
710 361 917 441 Seytltlsequo
930 363 1059 440 paludes

157 457 195 512 50
246 447 308 517 vir
322 447 397 506 sotis
411 453 442 505 et
456 447 519 506 noti
533 447 656 507 nomino
671 462 771 522 pausa
782 446 852 506 lool.

211 530 343 591 Ulterius
357 528 430 588 nihil
444 536 493 589 est
505 530 564 589 nisi
578 529 821 590 nophabitebile
834 529 941 604 frigus.
986 572 989 581 ·

252 612 326 673 Heu
337 627 428 688 quern
441 612 542 672 visino
554 619 602 675 est
613 613 720 673 ulium
733 620 814 673 terro
826 613 915 672 mittit

210 698 251 757 At
264 697 356 770 longe
369 695 465 769 patrie
478 703 534 768 est,
549 696 975 769 longe.ourissimaoonlunx‚.

128 782 132 787 ’
252 777 402 853 Quicquid
415 778 535 841 ethaeo
550 779 640 838 nobis
655 785 726 854 posi
738 779 800 838 duo
815 778 903 839 duloe
918 779 982 839 luit

162 870 197 922 55
212 860 262 922 Sio
275 867 374 920 temon
390 860 466 919 liaeo
480 861 600 934 adsunt,
614 870 649 922 ut
662 877 742 937 quae
756 863 932 936 contingere
945 877 1007 923 rron
1021 868 1070 923 est

251 944 395 1020 Corpore,
412 944 472 1003 siut
485 944 585 1003 urimo
600 952 710 1004 ouuoto
723 944 857 1005 videndo
870 960 949 1005 meo.

211 1029 290 1089 Ante
305 1029 412 1087 oeulos
430 1033 532 1086 errant
545 1027 664 1100 domus,
679 1026 752 1088 urbs
767 1033 800 1087 et
810 1029 909 1089 lonuo
921 1030 1067 1103 locorum,
1092 1066 1097 1081 ·

251 1112 473 1184 Acceduntque
487 1111 552 1170 suis
567 1109 689 1183 singulo
702 1111 783 1170 isoio
795 1112 882 1171 loois.

212 1194 356 1268 coniugis
371 1201 441 1253 ante
455 1195 571 1265 oculos,
587 1193 667 1253 siout
680 1194 860 1268 proesentis,
873 1193 974 1270 imago
988 1200 1045 1254 est

159 1276 197 1333 lio
250 1277 304 1336 lile
317 1292 402 1337 moos
418 1292 509 1336 ossus
523 1277 670 1351 ingravet,
684 1276 736 1335 illo
749 1278 844 1338 levati
987 1282 1134 1351 [umorem

211 1360 351 1432 ingravat
370 1359 445 1432 hoo,
466 1361 558 1434 quod.
570 1359 666 1419 abest
700 1360 782 1418 levat
801 1359 875 1434 hoo,
897 1361 981 1436 quod
1000 1366 1135 1435 praestat

248 1441 479 1517 inpositumque
494 1442 553 1502 sibi
567 1443 655 1502 llrmu
667 1447 769 1503 iustu·
783 1458 872 1503 onus.

210 1526 278 1585 Vos
295 1541 420 1601 quoque
434 1525 608 1600 pectoribus
624 1525 740 1584 nostris
751 1523 893 1599 haeretis,
908 1525 1006 1602 omisi,

251 1607 360 1667 Dicere
375 1623 455 1683 quos
470 1608 560 1682 oupio
575 1606 697 1667 nomino
711 1622 864 1682 quemque
874 1623 943 1669 suo.

161 1703 197 1758 ss
211 1689 273 1751 Sed
286 1691 375 1751 timor
389 1691 522 1752 ollioium
541 1697 647 1751 cautus
663 1690 839 1765 oompesoit,
853 1697 886 1751 ei
897 1691 986 1766 ipsos

253 1774 286 1832 In
301 1781 406 1835 nostro
423 1774 495 1849 poni
510 1773 643 1833 oormioo
656 1773 738 1833 rtolle
752 1779 836 1848 puto.

212 1857 291 1916 Ante
305 1857 463 1932 volebatis,
478 1857 617 1932 gratique
631 1863 698 1915 erut
709 1855 806 1916 instar
818 1854 957 1930 honoris,

253 1940 402 2001 Versibus
416 1941 447 2000 in
461 1941 574 2001 nostris
589 1940 712 2000 nomino
724 1945 828 2000 rostro
840 1939 910 2014 legi.
1129 2004 1135 2026 t

213 2021 301 2098 Quod
316 2024 458 2099 quoniam
473 2030 521 2084 est
535 2038 660 2098 anceps,
674 2023 753 2083 inire
764 2037 833 2083 ntes
846 2028 1135 2099 posterioremque

43 2158 46 2167 ,
161 2110 197 2169 70
249 2107 418 2182 Adloquor,
433 2114 463 2167 et
476 2108 549 2167 nulli
564 2123 659 2167 sousa
667 2106 789 2167 'timoris
803 2121 867 2168 ero.

211 2189 274 2249 Neo
288 2205 375 2249 meus
390 2189 501 2250 indicio
516 2191 668 2251 latitantes
681 2206 790 2251 versus
805 2190 921 2251 ourioos

250 2271 408 2333 Protrahit
431 2276 550 2334 oooulte
567 2274 665 2349 siquis
681 2273 809 2346 amabat,
822 2279 915 2333 amet.

207 2353 289 2414 Soite
301 2361 411 2429 tomen,
429 2358 568 2431 quamvis
582 2358 674 2431 longo
687 2357 813 2430 regione
825 2362 959 2418 remotus

251 2438 367 2512 Absim‚
380 2455 439 2499 vos
454 2440 554 2499 animo
569 2455 692 2515 semper
705 2440 819 2500 edesse
830 2454 913 2501 meo.

164 2525 198 2582 to
210 2519 249 2581 ttr
262 2537 354 2596 quum
368 2522 500 2597 quisque
515 2529 624 2597 potest,
640 2523 743 2596 atiquo
755 2523 835 2583 molo
848 2527 955 2584 nostre
967 2519 1075 2596 levate,

253 2602 359 2663 Fidem
373 2606 511 2681 proiecto
526 2622 606 2665 neve
620 2613 728 2680 nepote
742 2621 873 2664 muttum.

214 2686 367 2762 Prospero
380 2688 426 2747 sio
438 2695 560 2748 moneat
573 2689 663 2748 vobis
677 2690 806 2756 loriano,
823 2701 880 2747 neo
894 2700 1038 2763 umquam

255 2769 390 2831 contorti
404 2771 493 2831 simili
507 2779 591 2832 sorte
604 2771 720 2845 rogetis
733 2769 823 2828 idem.

151 2899 193 2991 5·
213 2895 299 2994 Usus
314 2933 462 2994 amicitiae
475 2940 574 2995 teoum
589 2935 661 2994 rrrihi
676 2949 799 3008 parvus,
812 2940 847 2994 ut
859 2935 942 2997 ilium
1035 2972 1039 2981 ι

253 3017 320 3077 Non
335 3033 427 3092 aegre
440 3032 553 3092 posses
568 3017 768 3089 dissimulare,
783 3017 846 3090 tuit,

215 3098 251 3158 Ni
265 3110 313 3159 roe
327 3103 507 3176 complexus
521 3101 628 3161 vinclis
643 3099 839 3175 propioribus
854 3114 944 3165 essee

253 3181 338 3242 Neve
350 3200 419 3244 meo
432 3191 533 3257 vento,
548 3184 664 3256 lorsun,
678 3192 850 3245 euntesuo.

178 3274 197 3327 ⁶
210 3261 251 3325 lit
264 3266 370 3340 eooldi,
385 3268 546 3342 ourretique
559 3273 643 3327 motu
654 3267 760 3341 lugere
772 3266 899 3337 ruinam,

256 3347 680 3425 Versoqueomioitioeterge
693 3350 916 3421 dederomeae,
991 3368 996 3385 ¹

213 3430 321 3492 Ausus
335 3446 371 3492 es
385 3433 455 3515 iguo
468 3434 550 3496 lovis
564 3446 747 3514 porotusum
760 3440 884 3508 tonsore
898 3445 1020 3506 eorpus.
