2586 3820
167 198 231 267 Μ
277 275 283 280 ,
545 195 800 263 FASTORUM

63 334 65 343 ’
184 361 237 419 aee
250 351 330 413 Esse
343 348 398 413 diu
412 348 520 411 attritus
534 350 826 415 Vestaesimulacra
839 349 957 428 putaviz
1031 410 1035 418 ,

293 435 367 496 Mox
381 434 473 495 didici
488 449 582 496 curvo
597 437 680 496 nulia
695 435 826 499 subesse
840 435 935 497 thole.

251 519 334 597 Ignis
350 518 533 581 inextinctus
548 520 661 594 tempto
676 520 791 583 aetatu
804 519 913 581 inille.

293 603 434 678 Effigiem
448 602 561 663 nuliam
575 604 671 663 Vesta
683 604 834 678 necignis
848 601 950 663 hebet

254 687 320 753 Stat
333 687 364 746 vi
378 694 459 747 terra
472 701 538 747 sua.
566 687 597 748 vi
611 685 721 747 sande
736 688 989 763 vestaivceature

185 781 239 839 aon
294 771 456 846 Causaque
470 785 527 844 par
541 769 611 831 Grai
625 771 757 853 neminie
772 786 843 831 esse
856 777 971 846 pateat
998 844 1000 849 ,
1032 828 1036 835 .

250 857 292 917 At
306 855 396 916 facus
411 851 575 913 aflammis
592 861 623 915 et
637 856 722 930 qued
736 855 820 933 iavet
833 854 945 928 omnia,
958 852 1075 915 dicus:

142 946 147 952 '
294 939 350 1014 Qui
363 945 463 999 tamen
478 937 509 998 in
522 937 628 1012 primis
643 938 772 999 aedibus
785 946 855 1000 ante
869 939 934 1001 fuit.

250 1023 329 1085 Hinc
344 1037 468 1099 quoqne
481 1022 667 1083 vestibulum
681 1023 743 1083 diei
754 1022 934 1084 reersinde
948 1020 1108 1096 precando

293 1106 468 1167 Praetamur
484 1105 627 1179 Vestam,
651 1122 730 1180 quae
743 1108 812 1167 teca
827 1106 1032 1182 primatenet·

186 1199 239 1256 tot
251 1191 332 1253 Ante
347 1190 435 1251 taces
451 1189 524 1251 oiim
538 1190 671 1251 scamnis
687 1190 846 1252 considere
860 1190 974 1264 longis

291 1274 360 1334 Mos
376 1279 454 1348 erat,
470 1281 501 1333 et
514 1289 641 1334 mensae
655 1274 781 1335 credere
793 1274 906 1335 adesse
921 1273 1008 1335 dees.

250 1356 337 1420 Nune
352 1372 477 1433 qunque
495 1372 563 1419 aum
577 1357 654 1419 fiunt
667 1359 809 1432 antiquae
823 1368 914 1418 sacra
928 1355 1084 1433 Vacunae,

291 1442 371 1502 Ante
383 1440 557 1503 Vacunales
570 1449 711 1517 stantque
725 1442 894 1515 sedentque
911 1441 1011 1503 taces.

250 1525 343 1586 Venit
356 1526 386 1586 in
400 1526 459 1586 lies
473 1541 573 1586 annos
586 1526 701 1601 aliquid
714 1526 754 1586 de
770 1540 855 1586 mere
869 1531 1006 1587 vetustas
1027 1580 1029 1585 .

189 1616 242 1674 ³10
296 1610 368 1671 Fert
380 1610 494 1670 misses
508 1610 624 1669 Vestae
638 1625 715 1685 pura
730 1610 843 1684 patella
858 1608 955 1675 cibes.

254 1692 335 1754 Ecce
350 1693 505 1756 coronatis
521 1694 610 1767 panis
625 1692 777 1768 dependet
791 1692 905 1765 asellis,
923 1701 927 1709 “

294 1779 334 1838 Et
345 1779 448 1841 velant
462 1776 716 1841 scabras'tleeida
729 1784 815 1839 serta
827 1776 936 1839 melae.
958 1832 970 1839 ,,

255 1860 330 1924 Sola
344 1863 427 1938 prius
443 1861 539 1925 furnis
555 1862 709 1922 terrebant
722 1861 806 1923 iana
817 1858 928 1936 antoni,
974 1914 977 1917 .
1064 1868 1068 1875 ’

295 1947 507 2008 EtFornaaaii
522 1953 592 2007 sunt
606 1962 662 2006 sua
675 1960 764 2006 saera
777 1947 864 2006 deae.
899 1954 913 2005 ’,

189 2037 241 2094 315
256 2029 456 2107 Suppositum
469 2029 563 2093 cineri
577 2045 686 2106 panem
701 2029 788 2105 tecua
801 2027 1020 2105 ipse-parabat,

298 2113 458 2189 Strataque
472 2121 538 2175 erat
550 2113 654 2188 tepide
667 2112 771 2189 tegula
784 2114 991 2189 quassascio.

255 2198 331 2261 lude
345 2199 449 2259 seeum
463 2204 566 2259 servat
581 2199 691 2273 piston
707 2197 922 2271 dominamque
935 2196 1084 2267 iecorum,

297 2281 335 2341 Et
349 2292 430 2356 quae
442 2281 599 2356 pumiceas
614 2287 719 2341 versat
732 2282 827 2343 asella
840 2280 947 2341 metas.
1048 2288 1052 2299 “

256 2363 460 2438 Praetereunt,
479 2364 652 2424 referamne
666 2372 764 2439 mum,
779 2364 947 2426 rubicunde
959 2361 1077 2439 Priape,

191 2456 245 2514 ³20
298 2446 463 2510 Dedecus?
482 2454 530 2508 est
541 2448 627 2508 multi
642 2448 744 2509 tabula
758 2464 853 2524 parva
866 2448 950 2509 ieci..

257 2531 561 2607 umnam-frontem
576 2530 689 2608 Cybele
701 2533 969 2596 redimita'corena

300 2617 457 2679 Convocat
470 2623 611 2677 aeternus
626 2615 666 2677 ad
682 2631 739 2677 sua
752 2616 937 2677 teau—dees,
1008 2652 1014 2671 ι
1112 2622 1116 2631 “

258 2700 415 2763 Convocat
427 2708 459 2761 et
471 2707 594 2778 satyros
609 2706 655 2775 et,
675 2701 791 2762 rustica
803 2700 939 2773 numina,
954 2695 1126 2776 nymphaea

301 2784 438 2858 Silenus,
461 2784 599 2858 quamvis
614 2799 703 2846 nereo
718 2792 855 2858 vecatat,
872 2783 978 2845 adest-1

191 2879 244 2933 325
258 2867 322 2928 Nec
332 2869 419 2941 iicet,
440 2875 472 2928 et
485 2868 609 2942 tongum
625 2868 794 2943 estepulas
806 2881 930 2929 narrem
945 2866 1086 2927 deerunt

299 2952 333 3013 ln
348 2952 441 3012 multo
455 2967 519 3011 nex
532 2959 580 3012 est
593 2953 773 3028 pervigilata
786 2961 883 3015 mern
979 3002 981 3009 .

257 3035 296 3097 Hi
309 3044 422 3097 tamena
436 3034 577 3095 errabant
590 3037 620 3095 in
635 3046 754 3112 opacae
766 3037 895 3097 vaiiibus
909 3033 997 3094 ldae:
1021 3042 1025 3055 '

294 3119 375 3181 ,Pars
388 3120 468 3178 iacet
481 3120 607 3181 etmulti
620 3121 756 3194 gramine
768 3120 903 3181 membra
917 3118 1012 3177 levate

258 3204 296 3265 Hi
310 3205 425 3265 ludunt
438 3232 441 3239 ·
452 3203 510 3264 hes
524 3218 650 3263 somnus
664 3204 764 3269 habet
790 3220 862 3280 pars
875 3200 1018 3263 bracchia
1031 3200 1137 3276 nectit,
1240 3270 1242 3273 ⁸

132 3272 138 3288 ’
193 3296 246 3353 330
301 3288 339 3348 Et
352 3287 481 3348 viridem
493 3287 586 3347 aeteri
599 3293 647 3349 ter
660 3288 740 3365 pede
757 3289 858 3363 puisat
869 3285 1002 3346 huruuua
1029 3284 1032 3288 '

260 3372 357 3433 Vesta
370 3373 464 3445 iacet,
484 3371 700 3449 placidumque
715 3370 797 3447 capit
810 3369 1074 3444 securaqnietem,

302 3454 480 3533 Sicuterat,
499 3454 637 3533 pesitum
649 3455 764 3533 cespite
776 3453 853 3516 tulta
863 3460 965 3531 caput
1074 3484 1076 3493 ι
