2582 3810
168 208 211 274 ll
539 211 786 274 aulalium

284 361 323 422 lit
335 363 513 438 deploratae
526 363 618 423 limen
632 364 717 425 adira
731 365 858 426 domos:

248 444 344 519 quue
358 461 468 506 recens
484 454 623 522 praestas
637 460 695 507 uec
708 450 800 523 longa
816 447 955 523 cognitus
968 465 1039 527 usu,

202 537 236 589 to
287 529 376 603 Quod
388 537 524 590 veterum
537 530 650 591 misero
664 531 717 591 vix
732 532 794 592 duo
809 540 912 593 tresve
926 532 1007 592 mihi.
1041 598 1043 603 ,

249 610 320 671 Vidi
336 626 394 687 ego
411 614 559 673 conlusos
573 615 684 688 vultus,
697 615 849 692 visosque
862 615 975 692 notavi,

290 693 394 770 Osqua
408 696 535 755 madens
550 694 843 773 iletopallidiusque
852 704 941 758 'mear

247 775 285 837 Et
297 778 437 838 lacrimas
453 794 581 839 cernens
596 779 626 839 in
641 780 761 855 singula
773 781 869 841 verba
882 782 1026 843 cadentes

289 859 348 920 Ore
362 876 430 928 meo
445 861 595 937 lacrimas,
610 863 734 923 auribus
749 865 800 924 illa
813 864 891 923 bibis

200 947 234 1002 1⁵
246 941 439 1019 Brachioque
453 946 559 1020 accepi
573 953 690 1005 maesto
704 948 869 1022 pendentia
883 948 971 1023 collo,
1063 945 1067 955 '

284 1026 322 1086 Et
336 1027 505 1101 singultatis
520 1030 627 1088 oscula
640 1028 733 1088 mixta
749 1031 843 1090 sonis.

248 1107 322 1169 Sam
338 1125 471 1186 quoque,
487 1123 566 1183 care,
580 1111 641 1172 tuis
656 1111 801 1173 delensus
815 1113 932 1174 viribus
947 1113 1104 1174 alsense.

287 1192 355 1252 Scis
371 1195 478 1253 Carum
492 1194 557 1255 veri
571 1195 703 1255 nominis
717 1211 788 1255 esse
802 1196 904 1257 loeo..

245 1274 400 1351 Multaque
416 1283 574 1352 praeterea
588 1277 740 1338 manifesti
754 1279 842 1354 sigua
855 1279 970 1341 lavaris
990 1326 992 1333 ,

198 1364 234 1418 aa
283 1357 461 1420 Pectoribus
475 1366 566 1420 teneo
580 1377 641 1421 nou
657 1361 773 1422 abitura
787 1363 873 1421 meis.

246 1441 282 1502 Di
296 1442 348 1501 tibi
363 1458 458 1517 posse
472 1449 552 1517 tuos,
566 1444 707 1515 tribuant
723 1445 890 1505 defendere
904 1460 1036 1521 semper,

285 1523 370 1598 Quos
386 1525 416 1585 in
428 1526 556 1588 materia
569 1527 766 1602 prosperiore
781 1528 877 1588 iuves.

247 1606 279 1667 Si
293 1614 393 1668 tamen
407 1608 531 1682 interea,
546 1610 620 1685 quid
635 1610 665 1669 in
680 1611 727 1671 iris
743 1625 801 1686 ego
817 1611 954 1687 perditus
969 1612 1063 1671 oris...

287 1690 375 1765 Quod
389 1698 419 1751 te
430 1692 577 1753 credibile
590 1699 831 1768 estqdaerere...
848 1696 979 1770 quaeris,
995 1708 1101 1768 agema

196 1780 231 1834 25
246 1772 309 1849 Spe
322 1775 426 1835 uehar
440 1776 581 1851 exigua...
596 1792 687 1850 quam
700 1783 733 1840 tu
747 1778 819 1837 mihi
834 1778 957 1839 demere
970 1778 1063 1838 noli...

287 1859 397 1918 Tristia
410 1858 497 1919 lealri
511 1859 635 1919 numina
649 1875 744 1934 posse
758 1861 830 1919 dci..
1061 1868 1066 1877 ·

245 1939 310 2000 Seu
323 1947 437 2001 amere
451 1949 589 2017 expecto,
606 1943 671 2001 sive
685 1943 716 2002 id
731 1943 907 2017 contingere
920 1944 967 2002 las
981 1949 1038 2016 esa

285 2024 330 2087 Tu
343 2025 416 2084 milli
431 2027 514 2100 quod
529 2025 628 2100 cupio,
643 2026 699 2096 las,
717 2041 835 2100 precor,
850 2041 922 2086 esse
937 2026 1044 2101 proba,

246 2105 392 2182 Quaeque
405 2109 458 2168 tibi
472 2108 593 2181 linguae
607 2115 659 2167 est·
668 2109 818 2182 facundia,
834 2110 940 2169 oculer
954 2109 985 2169 ia
999 2108 1083 2179 illud,

192 2199 229 2253 30
282 2190 323 2250 Ut
336 2190 450 2251 doceas
464 2198 568 2251 votum
582 2206 677 2265 posse
691 2193 794 2257 valere
805 2208 916 2252 meran.

243 2272 310 2347 Quo
325 2274 465 2350 quisquis
479 2274 584 2348 maior,
598 2274 695 2347 magis
710 2280 758 2334 est
771 2275 929 2350 placabilis
943 2275 1016 2350 irae
1127 2344 1131 2353 ,

284 2356 441 2417 Eliaciles
453 2364 556 2418 motus
570 2370 656 2416 mens
670 2370 822 2430 generosa
835 2358 924 2432 capit.

242 2440 379 2515 Corpora
389 2440 581 2514 ¹magaranimo
595 2441 672 2500 satis
686 2446 735 2501 ast
747 2448 922 2516 prostrasse
935 2441 1027 2516 leoni,

282 2518 388 2597 Pugna
400 2538 491 2584 soum
505 2524 597 2583 tinem
609 2539 682 2583 curn
696 2524 775 2586 iacet
787 2525 895 2597 hostis,
911 2524 1016 2586 hebete

192 2613 227 2668 aa
242 2607 281 2667 At
294 2609 386 2681 lupus
399 2614 430 2667 et
441 2614 547 2682 torpes
557 2608 674 2667 instant
687 2607 885 2668 morientibus
898 2611 962 2670 ursi

281 2689 321 2750 la
335 2704 546 2766 quaecumque
560 2690 659 2750 orioor
673 2691 829 2751 nobilitate
843 2692 917 2750 sera.

182 2828 184 2837 s
240 2771 339 2833 Maius
355 2774 438 2848 apud
450 2775 569 2834 'liciam
584 2774 654 2833 sorti
669 2774 742 2848 quid
757 2773 904 2834 habemus
917 2770 1056 2835 Achillei

280 2855 421 2916 Dardanii
436 2857 577 2916 lacrimas
592 2873 652 2917 non
668 2857 734 2917 tulit
747 2857 797 2916 ille
814 2858 907 2916 senis.

241 2938 324 3013 Quae
339 2938 426 2999 ducis
440 2939 568 3000 Emathii
583 2941 672 3000 luerit
686 2941 853 3014 elementia
867 2939 965 3000 Porus

190 3031 227 3086 ld
278 3021 430 3097 Dareique
445 3020 556 3083 docent
570 3023 685 3083 lunaris
700 3024 861 3098 exequiae:
1065 3020 1068 3023 ’

239 3105 323 3165 Neve
336 3104 491 3166 hominum
506 3107 636 3166 relerarn
650 3106 749 3166 flexas
763 3107 802 3165 ad
816 3105 916 3166 mitius
930 3104 1002 3178 iras,

280 3188 406 3249 lunonis
421 3196 578 3263 generosi
592 3190 644 3264 qui
660 3191 745 3264 prius
753 3188 857 3259 hostis
872 3194 946 3248 erat.

240 3271 379 3346 Denique
393 3286 455 3332 ooo
469 3286 598 3347 possum
611 3274 725 3333 nullam
739 3287 865 3345 sperare
880 3272 1018 3346 salutem,

283 3355 356 3415 cum
370 3368 490 3431 poenae
502 3369 573 3415 uara
581 3355 620 3429 sit
633 3371 729 3415 causa
742 3361 869 3414 cruenta
881 3370 978 3414 meae.

71 3465 72 3468 ¹
189 3446 224 3497 45
242 3436 308 3494 Nau
321 3438 403 3513 milri,
420 3437 577 3514 quaerenti
591 3438 793 3515 pessumdare
805 3444 924 3514 cauca,
939 3438 1064 3514 palladi
