2598 3812
475 176 518 252 11,
535 173 574 252 ·1,
595 174 715 253 ‹tt-a,
735 179 786 243 69.
1072 178 1134 251 181

166 338 203 395 to
251 329 316 393 Sed
328 345 389 392 nou
404 344 460 406 per
472 328 648 406 placidas-it
660 347 729 392 mea
742 324 855 411 puppis
870 348 978 410 aquas.

209 415 286 478 Tuta
299 421 405 491 petant
418 413 478 474 atii.
507 412 641 476 Fortuna
654 415 822 478 miserrima
835 425 899 479 tuta
913 426 975 480 est:
1024 450 1026 455 .
1065 460 1069 467 ,

75 558 99 585 ,,
166 505 203 561 ea
252 499 327 559 Nam
340 497 430 559 timor
440 504 569 557 eventus
581 494 742 561 deterioris
757 500 853 578 abest

76 591 79 600 ’
167 581 271 657 &Qui
283 581 400 658 rapitur
413 587 572 654 spumante
586 582 662 655 salo,
687 599 745 645 sua
757 583 884 646 brachia
894 585 976 646 cauti

249 664 386 739 porrigit
405 670 439 723 et
452 663 560 738 spinas
574 663 713 745 duraque
725 683 804 728 saxa
818 668 909 742 capit.
979 702 980 705 =

106 802 128 838 ,ἱ
209 749 395 824 Accipitrom
408 753 548 811 metuam
562 749 671 822 pennis
684 750 905 824 trepidantibus
919 751 985 812 aies

249 833 351 894 Audet
363 829 569 907 adhumanas
583 831 669 892 sessa
682 834 788 894 venire
802 832 900 895 sinus.
997 826 1015 861 ”

208 914 271 977 Nec
283 931 320 976 so
333 914 434 977 vicino
449 913 565 974 ductat
578 916 765 976 committere
776 923 867 992 tecto,

166 1007 203 1063 to
253 992 336 1074 Qua'e
350 997 568 1073 tagitintestos
581 999 684 1058 territa
698 1014 790 1060 cerva
802 1015 905 1064 canes.

209 1082 264 1157 Da,
286 1097 406 1158 precor,
424 1080 586 1145 accessum
601 1078 743 1156 lacrimis,
765 1083 932 1159 mitissime,
953 1082 1079 1144 nostrin
1171 1084 1176 1091 '

243 1166 312 1226 Nec
325 1164 455 1240 rigidam
468 1164 582 1231 timidis
597 1164 724 1245 vocibus
739 1165 820 1228 obde
834 1168 945 1230 ioromr
988 1196 992 1203 ·
1009 1162 1013 1195 ²
1142 1190 1144 1194 ’

209 1247 373 1323 Verbaque
387 1255 493 1308 nostro
504 1248 614 1313 favens
628 1249 766 1310 Romana
780 1251 820 1310 ad
835 1252 959 1312 nundmt
972 1249 1081 1327 portur,

251 1333 318 1393 Non
332 1331 385 1392 tibi
398 1331 528 1406 Tarpeio
542 1334 623 1409 coita
635 1332 770 1394 Tonante
778 1334 894 1396 ininue.
983 1346 986 1353 ’

169 1423 204 1479 45
213 1414 410 1490 Mandatique
422 1414 484 1474 mci
495 1417 614 1490 imatos
628 1416 752 1492 suscipe
765 1426 906 1479 causamn

96 1514 102 1521 ·
251 1498 339 1560 Nuda
352 1512 421 1558 meu
435 1499 576 1573 quamuis
590 1499 711 1562 nomine
726 1515 820 1561 causa
832 1500 915 1562 bona
928 1506 986 1560 est.
1101 1545 1104 1550 .

210 1582 277 1643 iarn
287 1592 385 1658 prope
398 1580 567 1658 depositos,
590 1590 672 1643 certe
685 1583 745 1644 iam
759 1585 888 1659 frigidus
901 1591 1012 1659 aegea
1031 1620 1035 1625 ·

251 1665 397 1727 Servatus
412 1680 469 1741 per
481 1667 520 1740 t'e,
540 1666 570 1726 si
582 1667 676 1728 modo
691 1682 807 1740 servom
830 1682 895 1727 ero.

212 1748 298 1810 Nunc
310 1755 364 1810 tua
377 1764 434 1824 pro
448 1748 541 1810 lassis
554 1750 666 1810 nitatur
681 1751 778 1825 gratia
791 1750 893 1823 mbae,

168 1840 205 1896 50
253 1832 401 1908 Principis
415 1834 529 1893 aeterni
543 1848 634 1908 quam
646 1833 699 1893 tibi
713 1840 849 1909 praestat
862 1846 957 1893 amor.

210 1914 299 1978 nane
311 1914 364 1977 tihi
377 1922 407 1976 et
419 1916 533 1990 eloquii
547 1917 630 1977 nitor.
639 1918 690 1978 illa
704 1917 890 1979 domesticus
903 1916 993 1992 adsit,
1052 1962 1057 1971 ,

141 2028 143 2036 v
254 1998 320 2074 Quo
336 2004 460 2075 poteras
474 2001 601 2076 trepidis
615 2001 696 2063 utilis
712 2016 783 2063 esse
794 2001 868 2062 reis.

212 2082 296 2143 Vivit
308 2082 433 2143 enimin
446 2084 535 2144 vobis
550 2085 673 2151 facundi
687 2086 793 2167 lingua
804 2084 948 2161 parentia

253 2165 291 2225 Et
304 2181 355 2227 res
368 2165 512 2229 heredem
525 2170 661 2244 repperit
673 2170 726 2230 illa
739 2185 837 2229 suurn.
943 2168 946 2173 ’

89 2246 93 2253 ’
170 2261 206 2315 55
216 2248 301 2310 Hanc
315 2265 383 2325 ogo,
405 2266 467 2310 noa
480 2258 577 2311 utme
589 2253 756 2315 defendere
769 2258 902 2329 temptet,
922 2251 1034 2314 odoros

254 2333 322 2393 Non
339 2339 386 2394 est
398 2335 535 2395 confessi
549 2350 644 2403 causa
657 2336 770 2397 tuenda
782 2337 837 2396 rei.
868 2344 870 2349 ’
900 2350 902 2355 ’

212 2416 290 2476 Num
303 2422 404 2477 tamm
418 2432 550 2478 excuses
564 2420 676 2480 erroris
691 2420 808 2501 origine
822 2421 943 2492 factum,

254 2501 303 2561 An
317 2500 391 2560 nihil
405 2499 550 2576 expediat
563 2503 624 2562 tale
636 2518 769 2576 movere,
791 2503 872 2565 vide.

213 2584 360 2646 Vulneris
374 2583 406 2644 id
419 2598 516 2658 genus
531 2592 587 2660 est,
608 2587 692 2661 quod
706 2603 776 2647 cum
790 2584 929 2645 sonabile
938 2594 1001 2643 ‘non
1021 2584 1069 2657 sit,

168 2675 207 2732 60
255 2666 322 2729 Non
338 2668 516 2728 contrectari
529 2670 621 2729 tutius
636 2682 708 2730 esse
722 2676 806 2744 puto.

211 2749 337 2826 Lingua,
357 2750 435 2812 sila-
456 2766 518 2811 non
532 2754 673 2814 astuitia
686 2749 838 2812 narrabile
852 2748 1025 2824 quicquam.

252 2832 349 2895 Posse
362 2834 453 2897 velim
467 2834 587 2895 cineres
601 2834 730 2895 obruere
744 2834 812 2908 ipse
825 2838 921 2893 meos.
977 2856 979 2861 v
1056 2843 1059 2849 ·

149 2952 153 2959 ,
213 2914 375 2992 sicigitur,
398 2917 487 2993 quasi
501 2932 550 2976 me
566 2919 667 2978 nultus
682 2915 837 2991 deceperit
851 2931 944 2990 error,

253 3000 358 3062 Verba
373 3001 450 3075 tace,
471 3001 587 3075 utuita,
608 3014 699 3073 quam
714 2999 799 3060 dedit
811 3000 889 3076 ipse,
912 3001 1005 3079 fruar.

168 3082 351 3158 monaque
364 3086 492 3147 somnus
507 3083 571 3155 erit,
593 3083 758 3157 vultusque
771 3083 919 3143 remiserit
933 3083 1011 3157 illas,

251 3165 307 3240 Qui
321 3182 425 3228 secum
437 3174 535 3229 terras
549 3166 769 3242 imperiumque
781 3173 919 3227 moventz
947 3198 950 3207 ·
965 3240 979 3247 ⁴.
1068 3240 1071 3245 1

211 3248 360 3324 Exiguam
372 3265 414 3310 ne
423 3265 475 3310 me
488 3250 633 3327 praedam
647 3250 727 3330 sinat
740 3250 989 3321 assenserunt,
1045 3282 1049 3291 ·
1068 3258 1071 3267 ’

217 3366 220 3369 v
251 3332 369 3407 Detque
382 3333 481 3393 sotum
494 3333 717 3405 misemomite,
739 3346 874 3410 precare,
893 3333 1002 3405 fugae.=

211 3416 349 3493 ‘tempas
358 3415 449 3487 adest
459 3422 564 3492 aptum
576 3417 730 3495 precibus.
759 3417 841 3478 votet
854 3416 922 3492 lpse
934 3412 1080 3489 videtque
1091 3468 1097 3481 .
