<?xml version="1.0" encoding="UTF-8"?>
<!DOCTYPE html PUBLIC "-//W3C//DTD XHTML 1.0 Transitional//EN"
    "http://www.w3.org/TR/xhtml1/DTD/xhtml1-transitional.dtd">
<html xmlns="http://www.w3.org/1999/xhtml" xml:lang="en" lang="en">
 <head>
  <title>
</title>
<meta http-equiv="Content-Type" content="text/html;charset=utf-8" />
  <meta name='ocr-system' content='tesseract 3.04.00' />
  <meta name='ocr-capabilities' content='ocr_page ocr_carea ocr_par ocr_line ocrx_word'/>
</head>
<body>
  <div class='ocr_page' id='page_1' title='image "./povidiusnaso00merkgoog_0131.png"; bbox 0 0 2598 3812; ppageno 0'>
   <div class='ocr_carea' id='block_1_1' title="bbox 174 222 799 293">
    <p class='ocr_par' dir='ltr' id='par_1_1' title="bbox 174 222 799 293">
     <span class='ocr_line' id='line_1_1' title="bbox 174 222 799 293; baseline -0.011 -2"><span class='ocrx_word' id='word_1_1' title='bbox 174 222 238 293; x_wconf 83' lang='lat' dir='ltr'>ild</span> <span class='ocrx_word' id='word_1_2' title='bbox 572 224 632 285; x_wconf 81' lang='lat' dir='ltr'>EX</span> <span class='ocrx_word' id='word_1_3' title='bbox 651 222 799 285; x_wconf 85' lang='lat' dir='ltr'>PONTO</span> 
     </span>
    </p>
   </div>
   <div class='ocr_carea' id='block_1_2' title="bbox 140 373 1170 3454">
    <p class='ocr_par' dir='ltr' id='par_1_2' title="bbox 140 373 1170 3454">
     <span class='ocr_line' id='line_1_2' title="bbox 297 373 984 454; baseline -0.007 -15"><span class='ocrx_word' id='word_1_4' title='bbox 297 374 337 440; x_wconf 83' lang='lat' dir='ltr'>Et</span> <span class='ocrx_word' id='word_1_5' title='bbox 351 376 436 454; x_wconf 91' lang='lat' dir='ltr'>quod</span> <span class='ocrx_word' id='word_1_6' title='bbox 448 379 531 438; x_wconf 84' lang='lat' dir='ltr'>iners</span> <span class='ocrx_word' id='word_1_7' title='bbox 545 376 636 437; x_wconf 88' lang='lat' dir='ltr'>hiemi</span> <span class='ocrx_word' id='word_1_8' title='bbox 656 375 845 436; x_wconf 77' lang='lat' dir='ltr'>continuatur</span> <span class='ocrx_word' id='word_1_9' title='bbox 861 373 984 437; x_wconf 60' lang='lat' dir='ltr'>hiemet¹</span> 
     </span>
     <span class='ocr_line' id='line_1_3' title="bbox 256 458 1069 537; baseline 0 -15"><span class='ocrx_word' id='word_1_10' title='bbox 256 460 313 522; x_wconf 86' lang='lat' dir='ltr'>iiic</span> <span class='ocrx_word' id='word_1_11' title='bbox 327 477 375 522; x_wconf 89' lang='lat' dir='ltr'>me</span> <span class='ocrx_word' id='word_1_12' title='bbox 393 471 579 537; x_wconf 76' lang='lat' dir='ltr'>pugnantem</span> <span class='ocrx_word' id='word_1_13' title='bbox 594 476 662 521; x_wconf 89' lang='lat' dir='ltr'>cum</span> <span class='ocrx_word' id='word_1_14' title='bbox 679 460 791 534; x_wconf 79' lang='lat' dir='ltr'>frigore</span> <span class='ocrx_word' id='word_1_15' title='bbox 806 474 937 536; x_wconf 89' lang='lat' dir='ltr'>cumque</span> <span class='ocrx_word' id='word_1_16' title='bbox 953 458 1069 536; x_wconf 72' lang='lat' dir='ltr'>sagittis</span> 
     </span>
     <span class='ocr_line' id='line_1_4' title="bbox 298 541 975 620; baseline -0.001 -15"><span class='ocrx_word' id='word_1_17' title='bbox 298 545 434 620; x_wconf 78' lang='lat' dir='ltr'><strong>Cumque</strong></span> <span class='ocrx_word' id='word_1_18' title='bbox 449 561 518 605; x_wconf 90' lang='lat' dir='ltr'>meo</span> <span class='ocrx_word' id='word_1_19' title='bbox 539 547 601 605; x_wconf 84' lang='lat' dir='ltr'>tato</span> <span class='ocrx_word' id='word_1_20' title='bbox 623 550 731 618; x_wconf 86' lang='lat' dir='ltr'>quarta</span> <span class='ocrx_word' id='word_1_21' title='bbox 747 541 852 617; x_wconf 83' lang='lat' dir='ltr'>fatigat</span> <span class='ocrx_word' id='word_1_22' title='bbox 867 543 975 604; x_wconf 90' lang='lat' dir='ltr'>hiems.</span> 
     </span>
     <span class='ocr_line' id='line_1_5' title="bbox 255 626 1126 702; baseline -0.002 -15"><span class='ocrx_word' id='word_1_23' title='bbox 255 626 329 689; x_wconf 88' lang='lat' dir='ltr'>Fine</span> <span class='ocrx_word' id='word_1_24' title='bbox 345 635 450 689; x_wconf 82' lang='lat' dir='ltr'>carent</span> <span class='ocrx_word' id='word_1_25' title='bbox 462 628 621 702; x_wconf 83' lang='lat' dir='ltr'>lacrimae,</span> <span class='ocrx_word' id='word_1_26' title='bbox 641 627 699 686; x_wconf 90' lang='lat' dir='ltr'>nisi</span> <span class='ocrx_word' id='word_1_27' title='bbox 715 642 783 686; x_wconf 89' lang='lat' dir='ltr'>oum</span> <span class='ocrx_word' id='word_1_28' title='bbox 799 633 907 701; x_wconf 83' lang='lat' dir='ltr'>stupor</span> <span class='ocrx_word' id='word_1_29' title='bbox 921 626 1036 690; x_wconf 86' lang='lat' dir='ltr'>obstitit</span> <span class='ocrx_word' id='word_1_30' title='bbox 1048 627 1126 689; x_wconf 77' lang='lat' dir='ltr'>illisi</span> 
     </span>
     <span class='ocr_line' id='line_1_6' title="bbox 207 709 934 787; baseline -0.006 -10"><span class='ocrx_word' id='word_1_31' title='bbox 207 721 242 777; x_wconf 80' lang='lat'>³0</span> <span class='ocrx_word' id='word_1_32' title='bbox 296 712 334 772; x_wconf 82' lang='lat' dir='ltr'>iit</span> <span class='ocrx_word' id='word_1_33' title='bbox 348 712 455 772; x_wconf 78' lang='lat' dir='ltr'>similis</span> <span class='ocrx_word' id='word_1_34' title='bbox 470 712 558 771; x_wconf 86' lang='lat' dir='ltr'>morti</span> <span class='ocrx_word' id='word_1_35' title='bbox 571 717 697 787; x_wconf 86' lang='lat' dir='ltr'>pectora</span> <span class='ocrx_word' id='word_1_36' title='bbox 710 715 816 784; x_wconf 88' lang='lat' dir='ltr'>torpor</span> <span class='ocrx_word' id='word_1_37' title='bbox 833 709 934 773; x_wconf 82' lang='lat' dir='ltr'>habet</span> 
     </span>
     <span class='ocr_line' id='line_1_7' title="bbox 255 790 974 871; baseline -0.004 -15"><span class='ocrx_word' id='word_1_38' title='bbox 255 795 388 856; x_wconf 82' lang='lat' dir='ltr'>Felicem</span> <span class='ocrx_word' id='word_1_39' title='bbox 401 794 535 868; x_wconf 86' lang='lat' dir='ltr'>Nioben,</span> <span class='ocrx_word' id='word_1_40' title='bbox 550 795 690 871; x_wconf 88' lang='lat' dir='ltr'>quamvis</span> <span class='ocrx_word' id='word_1_41' title='bbox 709 800 754 854; x_wconf 88' lang='lat' dir='ltr'>tot</span> <span class='ocrx_word' id='word_1_42' title='bbox 770 792 877 854; x_wconf 81' lang='lat' dir='ltr'>funera</span> <span class='ocrx_word' id='word_1_43' title='bbox 890 790 974 865; x_wconf 82' lang='lat' dir='ltr'>vtdit,</span> 
     </span>
     <span class='ocr_line' id='line_1_8' title="bbox 299 876 986 954; baseline -0.003 -16"><span class='ocrx_word' id='word_1_44' title='bbox 299 879 383 953; x_wconf 77' lang='lat' dir='ltr'>Quae</span> <span class='ocrx_word' id='word_1_45' title='bbox 397 878 503 954; x_wconf 86' lang='lat' dir='ltr'>posuit</span> <span class='ocrx_word' id='word_1_46' title='bbox 522 894 663 952; x_wconf 87' lang='lat' dir='ltr'>sensum,</span> <span class='ocrx_word' id='word_1_47' title='bbox 677 876 880 950; x_wconf 67' lang='lat' dir='ltr'>sexcuncia,</span> <span class='ocrx_word' id='word_1_48' title='bbox 900 878 986 939; x_wconf 86' lang='lat' dir='ltr'>mali!</span> 
     </span>
     <span class='ocr_line' id='line_1_9' title="bbox 255 961 1054 1037; baseline -0.001 -16"><span class='ocrx_word' id='word_1_49' title='bbox 255 963 322 1023; x_wconf 92' lang='lat' dir='ltr'>Vos</span> <span class='ocrx_word' id='word_1_50' title='bbox 339 977 462 1037; x_wconf 90' lang='lat' dir='ltr'>quoque</span> <span class='ocrx_word' id='word_1_51' title='bbox 476 962 597 1034; x_wconf 84' lang='lat' dir='ltr'>felices,</span> <span class='ocrx_word' id='word_1_52' title='bbox 617 977 744 1037; x_wconf 87' lang='lat' dir='ltr'>quorum</span> <span class='ocrx_word' id='word_1_53' title='bbox 758 961 920 1022; x_wconf 87' lang='lat' dir='ltr'>clamantia</span> <span class='ocrx_word' id='word_1_54' title='bbox 933 961 1054 1022; x_wconf 86' lang='lat' dir='ltr'>tratrem</span> 
     </span>
     <span class='ocr_line' id='line_1_10' title="bbox 298 1044 867 1121; baseline -0.004 -16"><span class='ocrx_word' id='word_1_55' title='bbox 298 1044 416 1106; x_wconf 83' lang='lat' dir='ltr'>Cortice</span> <span class='ocrx_word' id='word_1_56' title='bbox 432 1047 544 1105; x_wconf 89' lang='lat' dir='ltr'>velavit</span> <span class='ocrx_word' id='word_1_57' title='bbox 559 1047 691 1121; x_wconf 91' lang='lat' dir='ltr'>populus</span> <span class='ocrx_word' id='word_1_58' title='bbox 706 1061 761 1115; x_wconf 82' lang='lat' dir='ltr'>ora</span> <span class='ocrx_word' id='word_1_59' title='bbox 776 1061 867 1105; x_wconf 89' lang='lat' dir='ltr'>novo.</span> 
     </span>
     <span class='ocr_line' id='line_1_11' title="bbox 204 1127 1094 1205; baseline -0.01 -11"><span class='ocrx_word' id='word_1_60' title='bbox 204 1138 239 1194; x_wconf 73' lang='lat'>35</span> <span class='ocrx_word' id='word_1_61' title='bbox 252 1128 306 1190; x_wconf 89' lang='lat' dir='ltr'>Ille</span> <span class='ocrx_word' id='word_1_62' title='bbox 322 1144 380 1204; x_wconf 84' lang='lat' dir='ltr'>ego</span> <span class='ocrx_word' id='word_1_63' title='bbox 401 1146 482 1204; x_wconf 84' lang='lat' dir='ltr'>sum,</span> <span class='ocrx_word' id='word_1_64' title='bbox 503 1130 617 1205; x_wconf 81' lang='lat' dir='ltr'>iignum</span> <span class='ocrx_word' id='word_1_65' title='bbox 633 1130 683 1204; x_wconf 93' lang='lat' dir='ltr'>qui</span> <span class='ocrx_word' id='word_1_66' title='bbox 702 1145 765 1189; x_wconf 90' lang='lat' dir='ltr'>non</span> <span class='ocrx_word' id='word_1_67' title='bbox 782 1128 921 1192; x_wconf 88' lang='lat' dir='ltr'>admittar</span> <span class='ocrx_word' id='word_1_68' title='bbox 938 1127 969 1187; x_wconf 92' lang='lat' dir='ltr'>in</span> <span class='ocrx_word' id='word_1_69' title='bbox 986 1127 1094 1187; x_wconf 83' lang='lat' dir='ltr'>ulium=</span> 
     </span>
     <span class='ocr_line' id='line_1_12' title="bbox 296 1211 1016 1288; baseline -0.003 -17"><span class='ocrx_word' id='word_1_70' title='bbox 296 1213 350 1272; x_wconf 95' lang='grc'><strong>1116</strong></span> <span class='ocrx_word' id='word_1_71' title='bbox 366 1228 424 1287; x_wconf 81' lang='lat' dir='ltr'>ago</span> <span class='ocrx_word' id='word_1_72' title='bbox 440 1228 523 1288; x_wconf 85' lang='lat' dir='ltr'>sum,</span> <span class='ocrx_word' id='word_1_73' title='bbox 543 1215 655 1274; x_wconf 79' lang='lat' dir='ltr'>frustm</span> <span class='ocrx_word' id='word_1_74' title='bbox 669 1213 720 1287; x_wconf 88' lang='lat' dir='ltr'>qui</span> <span class='ocrx_word' id='word_1_75' title='bbox 738 1212 818 1287; x_wconf 84' lang='lat' dir='ltr'>lapis</span> <span class='ocrx_word' id='word_1_76' title='bbox 832 1226 903 1272; x_wconf 90' lang='lat' dir='ltr'>esse</span> <span class='ocrx_word' id='word_1_77' title='bbox 916 1211 1016 1271; x_wconf 87' lang='lat' dir='ltr'>veiim.</span> 
     </span>
     <span class='ocr_line' id='line_1_13' title="bbox 253 1294 1037 1371; baseline -0.004 -14"><span class='ocrx_word' id='word_1_78' title='bbox 253 1297 327 1371; x_wconf 89' lang='lat' dir='ltr'>Ipsa</span> <span class='ocrx_word' id='word_1_79' title='bbox 340 1296 471 1357; x_wconf 86' lang='lat' dir='ltr'>Medusa</span> <span class='ocrx_word' id='word_1_80' title='bbox 487 1298 584 1359; x_wconf 89' lang='lat' dir='ltr'>ocutis</span> <span class='ocrx_word' id='word_1_81' title='bbox 606 1296 704 1356; x_wconf 88' lang='lat' dir='ltr'>veniat</span> <span class='ocrx_word' id='word_1_82' title='bbox 720 1296 789 1354; x_wconf 89' lang='lat' dir='ltr'>iicet</span> <span class='ocrx_word' id='word_1_83' title='bbox 805 1294 896 1355; x_wconf 83' lang='lat' dir='ltr'>obvia</span> <span class='ocrx_word' id='word_1_84' title='bbox 914 1294 1037 1367; x_wconf 90' lang='lat' dir='ltr'>nostris,</span> 
     </span>
     <span class='ocr_line' id='line_1_14' title="bbox 297 1379 990 1456; baseline -0.001 -17"><span class='ocrx_word' id='word_1_85' title='bbox 297 1379 421 1440; x_wconf 86' lang='lat' dir='ltr'>Amittet</span> <span class='ocrx_word' id='word_1_86' title='bbox 435 1381 516 1441; x_wconf 87' lang='lat' dir='ltr'>vires</span> <span class='ocrx_word' id='word_1_87' title='bbox 533 1382 603 1456; x_wconf 90' lang='lat' dir='ltr'>ipsa</span> <span class='ocrx_word' id='word_1_88' title='bbox 618 1380 747 1439; x_wconf 86' lang='lat' dir='ltr'>Medusa</span> <span class='ocrx_word' id='word_1_89' title='bbox 764 1395 847 1439; x_wconf 89' lang='lat' dir='ltr'>suas.</span> <span class='ocrx_word' id='word_1_90' title='bbox 987 1390 990 1395; x_wconf 72' lang='grc'><strong><em>’</em></strong></span> 
     </span>
     <span class='ocr_line' id='line_1_15' title="bbox 255 1463 1049 1540; baseline -0.001 -17"><span class='ocrx_word' id='word_1_91' title='bbox 255 1463 410 1540; x_wconf 76' lang='lat' dir='ltr'>VivimuS,</span> <span class='ocrx_word' id='word_1_92' title='bbox 427 1472 460 1525; x_wconf 87' lang='lat' dir='ltr'>ut</span> <span class='ocrx_word' id='word_1_93' title='bbox 477 1481 642 1540; x_wconf 88' lang='lat' dir='ltr'>numquam</span> <span class='ocrx_word' id='word_1_94' title='bbox 657 1479 752 1523; x_wconf 89' lang='lat' dir='ltr'>sensu</span> <span class='ocrx_word' id='word_1_95' title='bbox 767 1478 924 1522; x_wconf 88' lang='lat' dir='ltr'>careamus</span> <span class='ocrx_word' id='word_1_96' title='bbox 937 1475 1049 1537; x_wconf 89' lang='lat' dir='ltr'>amaro,</span> 
     </span>
     <span class='ocr_line' id='line_1_16' title="bbox 203 1547 934 1623; baseline -0.011 -12"><span class='ocrx_word' id='word_1_97' title='bbox 203 1556 238 1611; x_wconf 82' lang='lat'>40</span> <span class='ocrx_word' id='word_1_98' title='bbox 292 1547 329 1607; x_wconf 87' lang='lat' dir='ltr'>Et</span> <span class='ocrx_word' id='word_1_99' title='bbox 343 1548 466 1623; x_wconf 84' lang='lat' dir='ltr'>gravior</span> <span class='ocrx_word' id='word_1_100' title='bbox 479 1550 571 1623; x_wconf 82' lang='lat' dir='ltr'>ionga</span> <span class='ocrx_word' id='word_1_101' title='bbox 586 1548 619 1607; x_wconf 84' lang='lat' dir='ltr'>fii</span> <span class='ocrx_word' id='word_1_102' title='bbox 638 1562 707 1615; x_wconf 85' lang='lat' dir='ltr'>men</span> <span class='ocrx_word' id='word_1_103' title='bbox 720 1563 821 1621; x_wconf 89' lang='lat' dir='ltr'>poena</span> <span class='ocrx_word' id='word_1_104' title='bbox 839 1560 934 1607; x_wconf 83' lang='lat' dir='ltr'>mora.</span> 
     </span>
     <span class='ocr_line' id='line_1_17' title="bbox 255 1631 1044 1708; baseline -0.005 -16"><span class='ocrx_word' id='word_1_105' title='bbox 255 1631 305 1692; x_wconf 90' lang='lat' dir='ltr'>Sic</span> <span class='ocrx_word' id='word_1_106' title='bbox 320 1631 566 1708; x_wconf 88' lang='lat' dir='ltr'>inconsumptum</span> <span class='ocrx_word' id='word_1_107' title='bbox 579 1631 658 1708; x_wconf 78' lang='lat' dir='ltr'>Tityi</span> <span class='ocrx_word' id='word_1_108' title='bbox 678 1645 860 1707; x_wconf 87' lang='lat' dir='ltr'>semperque</span> <span class='ocrx_word' id='word_1_109' title='bbox 879 1643 1044 1699; x_wconf 85' lang='lat' dir='ltr'>renascens</span> 
     </span>
     <span class='ocr_line' id='line_1_18' title="bbox 219 1713 985 1791; baseline -0.008 -17"><span class='ocrx_word' id='word_1_110' title='bbox 219 1724 223 1731; x_wconf 85' lang='lat'>&#39;</span> <span class='ocrx_word' id='word_1_111' title='bbox 294 1714 361 1775; x_wconf 92' lang='lat' dir='ltr'>Non</span> <span class='ocrx_word' id='word_1_112' title='bbox 381 1717 473 1790; x_wconf 90' lang='lat' dir='ltr'>perit,</span> <span class='ocrx_word' id='word_1_113' title='bbox 487 1723 521 1776; x_wconf 91' lang='lat' dir='ltr'>ut</span> <span class='ocrx_word' id='word_1_114' title='bbox 537 1715 637 1791; x_wconf 89' lang='lat' dir='ltr'>possit</span> <span class='ocrx_word' id='word_1_115' title='bbox 651 1728 745 1788; x_wconf 83' lang='lat' dir='ltr'>saepe</span> <span class='ocrx_word' id='word_1_116' title='bbox 759 1714 878 1788; x_wconf 86' lang='lat' dir='ltr'>perire,</span> <span class='ocrx_word' id='word_1_117' title='bbox 893 1713 985 1772; x_wconf 85' lang='lat' dir='ltr'>iecur.</span> 
     </span>
     <span class='ocr_line' id='line_1_19' title="bbox 251 1795 1086 1876; baseline -0.005 -18"><span class='ocrx_word' id='word_1_118' title='bbox 251 1799 293 1859; x_wconf 85' lang='lat' dir='ltr'>At</span> <span class='ocrx_word' id='word_1_119' title='bbox 306 1806 394 1873; x_wconf 88' lang='lat' dir='ltr'>puio,</span> <span class='ocrx_word' id='word_1_120' title='bbox 411 1815 479 1860; x_wconf 91' lang='lat' dir='ltr'>cum</span> <span class='ocrx_word' id='word_1_121' title='bbox 493 1800 615 1876; x_wconf 83' lang='lat' dir='ltr'>requies</span> <span class='ocrx_word' id='word_1_122' title='bbox 631 1798 842 1870; x_wconf 87' lang='lat' dir='ltr'>medicinaque</span> <span class='ocrx_word' id='word_1_123' title='bbox 858 1795 980 1873; x_wconf 87' lang='lat' dir='ltr'>publica</span> <span class='ocrx_word' id='word_1_124' title='bbox 995 1811 1086 1855; x_wconf 86' lang='lat' dir='ltr'>curae</span> 
     </span>
     <span class='ocr_line' id='line_1_20' title="bbox 256 1878 1037 1957; baseline -0.005 -16"><span class='ocrx_word' id='word_1_125' title='bbox 256 1916 259 1923; x_wconf 87' lang='lat'>.</span> <span class='ocrx_word' id='word_1_126' title='bbox 296 1880 429 1943; x_wconf 91' lang='lat' dir='ltr'>Somnus</span> <span class='ocrx_word' id='word_1_127' title='bbox 444 1883 545 1957; x_wconf 84' lang='lat' dir='ltr'>adest,</span> <span class='ocrx_word' id='word_1_128' title='bbox 562 1882 660 1943; x_wconf 84' lang='lat' dir='ltr'>solitis</span> <span class='ocrx_word' id='word_1_129' title='bbox 679 1896 742 1940; x_wconf 87' lang='lat' dir='ltr'>nox</span> <span class='ocrx_word' id='word_1_130' title='bbox 757 1879 838 1940; x_wconf 88' lang='lat' dir='ltr'>venit</span> <span class='ocrx_word' id='word_1_131' title='bbox 852 1878 927 1940; x_wconf 86' lang='lat' dir='ltr'>orba</span> <span class='ocrx_word' id='word_1_132' title='bbox 939 1879 1037 1941; x_wconf 88' lang='lat' dir='ltr'>malis.</span> 
     </span>
     <span class='ocr_line' id='line_1_21' title="bbox 203 1963 954 2036; baseline -0.004 -10"><span class='ocrx_word' id='word_1_133' title='bbox 203 1971 238 2026; x_wconf 82' lang='lat'>45</span> <span class='ocrx_word' id='word_1_134' title='bbox 252 1964 378 2026; x_wconf 82' lang='lat' dir='ltr'>Somnia</span> <span class='ocrx_word' id='word_1_135' title='bbox 392 1980 440 2026; x_wconf 86' lang='lat' dir='ltr'>me</span> <span class='ocrx_word' id='word_1_136' title='bbox 456 1972 567 2026; x_wconf 86' lang='lat' dir='ltr'>terrent</span> <span class='ocrx_word' id='word_1_137' title='bbox 582 1980 672 2025; x_wconf 81' lang='lat' dir='ltr'>veros</span> <span class='ocrx_word' id='word_1_138' title='bbox 688 1963 834 2024; x_wconf 83' lang='lat' dir='ltr'>imitantia</span> <span class='ocrx_word' id='word_1_139' title='bbox 852 1978 954 2036; x_wconf 87' lang='lat' dir='ltr'>casus,</span> 
     </span>
     <span class='ocr_line' id='line_1_22' title="bbox 294 2047 931 2122; baseline -0.008 -13"><span class='ocrx_word' id='word_1_140' title='bbox 294 2048 332 2109; x_wconf 87' lang='lat' dir='ltr'>Et</span> <span class='ocrx_word' id='word_1_141' title='bbox 344 2048 470 2122; x_wconf 77' lang='lat' dir='ltr'>vigilant</span> <span class='ocrx_word' id='word_1_142' title='bbox 484 2061 594 2109; x_wconf 85' lang='lat' dir='ltr'>seusus</span> <span class='ocrx_word' id='word_1_143' title='bbox 608 2048 640 2107; x_wconf 92' lang='lat' dir='ltr'>in</span> <span class='ocrx_word' id='word_1_144' title='bbox 655 2063 723 2106; x_wconf 88' lang='lat' dir='ltr'>mea</span> <span class='ocrx_word' id='word_1_145' title='bbox 737 2047 849 2109; x_wconf 85' lang='lat' dir='ltr'>damna</span> <span class='ocrx_word' id='word_1_146' title='bbox 864 2048 931 2107; x_wconf 89' lang='lat' dir='ltr'>mei.</span> 
     </span>
     <span class='ocr_line' id='line_1_23' title="bbox 251 2130 972 2206; baseline -0.001 -15"><span class='ocrx_word' id='word_1_147' title='bbox 251 2130 315 2193; x_wconf 81' lang='lat' dir='ltr'>Aut</span> <span class='ocrx_word' id='word_1_148' title='bbox 328 2145 387 2206; x_wconf 79' lang='lat' dir='ltr'>ego</span> <span class='ocrx_word' id='word_1_149' title='bbox 403 2131 588 2192; x_wconf 87' lang='lat' dir='ltr'>Sarmaticas</span> <span class='ocrx_word' id='word_1_150' title='bbox 601 2131 708 2192; x_wconf 90' lang='lat' dir='ltr'>videor</span> <span class='ocrx_word' id='word_1_151' title='bbox 721 2131 817 2190; x_wconf 88' lang='lat' dir='ltr'>vitare</span> <span class='ocrx_word' id='word_1_152' title='bbox 835 2130 972 2205; x_wconf 82' lang='lat' dir='ltr'>sagittas,</span> 
     </span>
     <span class='ocr_line' id='line_1_24' title="bbox 293 2214 982 2289; baseline -0.004 -16"><span class='ocrx_word' id='word_1_153' title='bbox 293 2215 356 2274; x_wconf 86' lang='lat' dir='ltr'>Aut</span> <span class='ocrx_word' id='word_1_154' title='bbox 374 2215 448 2275; x_wconf 90' lang='lat' dir='ltr'>dare</span> <span class='ocrx_word' id='word_1_155' title='bbox 463 2214 600 2289; x_wconf 88' lang='lat' dir='ltr'>captivas</span> <span class='ocrx_word' id='word_1_156' title='bbox 614 2215 654 2275; x_wconf 87' lang='lat' dir='ltr'>ad</span> <span class='ocrx_word' id='word_1_157' title='bbox 669 2216 735 2274; x_wconf 86' lang='lat' dir='ltr'>tera</span> <span class='ocrx_word' id='word_1_158' title='bbox 744 2214 851 2281; x_wconf 75' lang='lat' dir='ltr'>,vincla</span> <span class='ocrx_word' id='word_1_159' title='bbox 865 2229 982 2273; x_wconf 88' lang='lat' dir='ltr'>manus.</span> 
     </span>
     <span class='ocr_line' id='line_1_25' title="bbox 251 2296 945 2373; baseline -0.001 -16"><span class='ocrx_word' id='word_1_160' title='bbox 251 2296 313 2357; x_wconf 78' lang='lat' dir='ltr'>Aut</span> <span class='ocrx_word' id='word_1_161' title='bbox 325 2297 377 2357; x_wconf 93' lang='lat' dir='ltr'>ubi</span> <span class='ocrx_word' id='word_1_162' title='bbox 393 2297 531 2373; x_wconf 88' lang='lat' dir='ltr'>decipior</span> <span class='ocrx_word' id='word_1_163' title='bbox 545 2298 678 2358; x_wconf 81' lang='lat' dir='ltr'>meilonis</span> <span class='ocrx_word' id='word_1_164' title='bbox 693 2297 823 2372; x_wconf 80' lang='lat' dir='ltr'>imagine</span> <span class='ocrx_word' id='word_1_165' title='bbox 837 2298 945 2370; x_wconf 84' lang='lat' dir='ltr'>somni,</span> 
     </span>
     <span class='ocr_line' id='line_1_26' title="bbox 204 2381 881 2456; baseline -0.007 -13"><span class='ocrx_word' id='word_1_166' title='bbox 204 2388 239 2443; x_wconf 82' lang='lat'>50</span> <span class='ocrx_word' id='word_1_167' title='bbox 293 2381 421 2455; x_wconf 86' lang='lat' dir='ltr'>Aspicio</span> <span class='ocrx_word' id='word_1_168' title='bbox 437 2381 553 2456; x_wconf 86' lang='lat' dir='ltr'>patriae</span> <span class='ocrx_word' id='word_1_169' title='bbox 569 2388 649 2441; x_wconf 88' lang='lat' dir='ltr'>tecta</span> <span class='ocrx_word' id='word_1_170' title='bbox 663 2382 767 2440; x_wconf 88' lang='lat' dir='ltr'>relicta</span> <span class='ocrx_word' id='word_1_171' title='bbox 785 2395 881 2440; x_wconf 89' lang='lat' dir='ltr'>meae.</span> 
     </span>
     <span class='ocr_line' id='line_1_27' title="bbox 170 2461 1074 2540; baseline -0.003 -14"><span class='ocrx_word' id='word_1_172' title='bbox 170 2512 176 2526; x_wconf 88' lang='lat'><strong>.</strong></span> <span class='ocrx_word' id='word_1_173' title='bbox 250 2461 289 2522; x_wconf 83' lang='lat' dir='ltr'>Et</span> <span class='ocrx_word' id='word_1_174' title='bbox 301 2464 394 2527; x_wconf 90' lang='lat' dir='ltr'>modo</span> <span class='ocrx_word' id='word_1_175' title='bbox 409 2464 590 2538; x_wconf 81' lang='lat' dir='ltr'>vobiscum,</span> <span class='ocrx_word' id='word_1_176' title='bbox 604 2480 681 2540; x_wconf 87' lang='lat' dir='ltr'>quos</span> <span class='ocrx_word' id='word_1_177' title='bbox 702 2481 770 2525; x_wconf 88' lang='lat' dir='ltr'>sum</span> <span class='ocrx_word' id='word_1_178' title='bbox 784 2470 963 2537; x_wconf 86' lang='lat' dir='ltr'>veneratus,</span> <span class='ocrx_word' id='word_1_179' title='bbox 976 2463 1074 2537; x_wconf 90' lang='lat' dir='ltr'>amici,</span> 
     </span>
     <span class='ocr_line' id='line_1_28' title="bbox 291 2544 1009 2627; baseline -0.003 -20"><span class='ocrx_word' id='word_1_180' title='bbox 291 2546 329 2607; x_wconf 89' lang='lat' dir='ltr'>Et</span> <span class='ocrx_word' id='word_1_181' title='bbox 347 2549 445 2609; x_wconf 54' lang='lat' dir='ltr'>modo*</span> <span class='ocrx_word' id='word_1_182' title='bbox 462 2565 530 2627; x_wconf 89' lang='lat' dir='ltr'>cum</span> <span class='ocrx_word' id='word_1_183' title='bbox 550 2563 621 2611; x_wconf 88' lang='lat' dir='ltr'>cara</span> <span class='ocrx_word' id='word_1_184' title='bbox 639 2548 768 2622; x_wconf 78' lang='lat' dir='ltr'>coniuge</span> <span class='ocrx_word' id='word_1_185' title='bbox 783 2544 876 2607; x_wconf 90' lang='lat' dir='ltr'>multa</span> <span class='ocrx_word' id='word_1_186' title='bbox 889 2547 1009 2622; x_wconf 88' lang='lat' dir='ltr'>ioquor.</span> 
     </span>
     <span class='ocr_line' id='line_1_29' title="bbox 252 2628 1086 2707; baseline 0 -17"><span class='ocrx_word' id='word_1_187' title='bbox 252 2628 303 2691; x_wconf 87' lang='lat' dir='ltr'>Sic</span> <span class='ocrx_word' id='word_1_188' title='bbox 321 2630 374 2692; x_wconf 87' lang='lat' dir='ltr'>ubi</span> <span class='ocrx_word' id='word_1_189' title='bbox 388 2639 534 2707; x_wconf 85' lang='lat' dir='ltr'>percepta</span> <span class='ocrx_word' id='word_1_190' title='bbox 552 2640 599 2692; x_wconf 86' lang='lat' dir='ltr'>est</span> <span class='ocrx_word' id='word_1_191' title='bbox 613 2630 717 2691; x_wconf 86' lang='lat' dir='ltr'>brevis</span> <span class='ocrx_word' id='word_1_192' title='bbox 731 2638 761 2691; x_wconf 88' lang='lat' dir='ltr'>ct</span> <span class='ocrx_word' id='word_1_193' title='bbox 774 2647 836 2691; x_wconf 90' lang='lat' dir='ltr'>non</span> <span class='ocrx_word' id='word_1_194' title='bbox 849 2647 924 2690; x_wconf 87' lang='lat' dir='ltr'>vera</span> <span class='ocrx_word' id='word_1_195' title='bbox 938 2630 1086 2704; x_wconf 86' lang='lat' dir='ltr'>voluptas,</span> 
     </span>
     <span class='ocr_line' id='line_1_30' title="bbox 291 2710 938 2779; baseline -0.002 -7"><span class='ocrx_word' id='word_1_196' title='bbox 291 2710 381 2775; x_wconf 86' lang='lat' dir='ltr'>Peior</span> <span class='ocrx_word' id='word_1_197' title='bbox 393 2716 431 2775; x_wconf 89' lang='lat' dir='ltr'>ab</span> <span class='ocrx_word' id='word_1_198' title='bbox 446 2716 604 2779; x_wconf 90' lang='lat' dir='ltr'>admonitu</span> <span class='ocrx_word' id='word_1_199' title='bbox 621 2715 655 2775; x_wconf 91' lang='lat' dir='ltr'>fit</span> <span class='ocrx_word' id='word_1_200' title='bbox 670 2722 766 2775; x_wconf 88' lang='lat' dir='ltr'>status</span> <span class='ocrx_word' id='word_1_201' title='bbox 782 2715 840 2777; x_wconf 82' lang='lat' dir='ltr'>iste</span> <span class='ocrx_word' id='word_1_202' title='bbox 854 2714 938 2776; x_wconf 89' lang='lat' dir='ltr'>boni.</span> 
     </span>
     <span class='ocr_line' id='line_1_31' title="bbox 140 2792 1002 2874; baseline -0.005 -16"><span class='ocrx_word' id='word_1_203' title='bbox 140 2868 142 2873; x_wconf 21' lang='lat'><strong><em>¹</em></strong></span> <span class='ocrx_word' id='word_1_204' title='bbox 203 2804 238 2858; x_wconf 79' lang='lat'>55</span> <span class='ocrx_word' id='word_1_205' title='bbox 252 2794 325 2857; x_wconf 83' lang='lat' dir='ltr'>Sive</span> <span class='ocrx_word' id='word_1_206' title='bbox 339 2798 408 2859; x_wconf 86' lang='lat' dir='ltr'>dies</span> <span class='ocrx_word' id='word_1_207' title='bbox 425 2800 515 2873; x_wconf 79' lang='lat' dir='ltr'>igitur</span> <span class='ocrx_word' id='word_1_208' title='bbox 529 2805 621 2874; x_wconf 87' lang='lat' dir='ltr'>caput</span> <span class='ocrx_word' id='word_1_209' title='bbox 640 2792 704 2859; x_wconf 77' lang='lat' dir='ltr'>noc</span> <span class='ocrx_word' id='word_1_210' title='bbox 712 2798 885 2858; x_wconf 85' lang='lat' dir='ltr'>miserabile</span> <span class='ocrx_word' id='word_1_211' title='bbox 900 2795 1002 2869; x_wconf 87' lang='lat' dir='ltr'>cernit,</span> 
     </span>
     <span class='ocr_line' id='line_1_32' title="bbox 294 2878 886 2956; baseline 0.007 -18"><span class='ocrx_word' id='word_1_212' title='bbox 294 2878 366 2940; x_wconf 87' lang='lat' dir='ltr'>Sive</span> <span class='ocrx_word' id='word_1_213' title='bbox 380 2884 518 2956; x_wconf 90' lang='lat' dir='ltr'>pruinosi</span> <span class='ocrx_word' id='word_1_214' title='bbox 536 2882 640 2943; x_wconf 85' lang='lat' dir='ltr'>Noctis</span> <span class='ocrx_word' id='word_1_215' title='bbox 657 2889 787 2956; x_wconf 81' lang='lat' dir='ltr'>aguntur</span> <span class='ocrx_word' id='word_1_216' title='bbox 802 2881 886 2956; x_wconf 82' lang='lat' dir='ltr'>equi,</span> 
     </span>
     <span class='ocr_line' id='line_1_33' title="bbox 251 2959 970 3041; baseline 0.006 -20"><span class='ocrx_word' id='word_1_217' title='bbox 251 2959 302 3022; x_wconf 87' lang='lat' dir='ltr'>Sic</span> <span class='ocrx_word' id='word_1_218' title='bbox 320 2978 389 3022; x_wconf 86' lang='lat' dir='ltr'>mea</span> <span class='ocrx_word' id='word_1_219' title='bbox 406 2966 560 3040; x_wconf 87' lang='lat' dir='ltr'>perpetuis</span> <span class='ocrx_word' id='word_1_220' title='bbox 574 2966 732 3040; x_wconf 86' lang='lat' dir='ltr'>liquefiunt</span> <span class='ocrx_word' id='word_1_221' title='bbox 744 2973 868 3041; x_wconf 87' lang='lat' dir='ltr'>pectora</span> <span class='ocrx_word' id='word_1_222' title='bbox 882 2960 970 3035; x_wconf 82' lang='lat' dir='ltr'>curie,</span> 
     </span>
     <span class='ocr_line' id='line_1_34' title="bbox 295 3045 903 3121; baseline 0.002 -17"><span class='ocrx_word' id='word_1_223' title='bbox 295 3045 419 3121; x_wconf 84' lang='lat' dir='ltr'>Ignibus</span> <span class='ocrx_word' id='word_1_224' title='bbox 435 3049 566 3109; x_wconf 88' lang='lat' dir='ltr'>admotis</span> <span class='ocrx_word' id='word_1_225' title='bbox 585 3056 618 3108; x_wconf 90' lang='lat' dir='ltr'>ut</span> <span class='ocrx_word' id='word_1_226' title='bbox 631 3065 713 3109; x_wconf 88' lang='lat' dir='ltr'>nova</span> <span class='ocrx_word' id='word_1_227' title='bbox 727 3065 799 3108; x_wconf 85' lang='lat' dir='ltr'>cera</span> <span class='ocrx_word' id='word_1_228' title='bbox 817 3048 903 3107; x_wconf 84' lang='lat' dir='ltr'>sciet</span> 
     </span>
     <span class='ocr_line' id='line_1_35' title="bbox 252 3127 1170 3206; baseline 0 -17"><span class='ocrx_word' id='word_1_229' title='bbox 252 3127 356 3203; x_wconf 81' lang='lat' dir='ltr'>Saepe</span> <span class='ocrx_word' id='word_1_230' title='bbox 366 3142 477 3205; x_wconf 88' lang='lat' dir='ltr'>precor</span> <span class='ocrx_word' id='word_1_231' title='bbox 491 3139 628 3206; x_wconf 88' lang='lat' dir='ltr'>mortem,</span> <span class='ocrx_word' id='word_1_232' title='bbox 643 3139 771 3193; x_wconf 87' lang='lat' dir='ltr'>mortem</span> <span class='ocrx_word' id='word_1_233' title='bbox 785 3145 909 3205; x_wconf 93' lang='lat' dir='ltr'>quoque</span> <span class='ocrx_word' id='word_1_234' title='bbox 920 3128 1170 3202; x_wconf 86' lang='lat' dir='ltr'>deprecoridem,</span> 
     </span>
     <span class='ocr_line' id='line_1_36' title="bbox 200 3212 1001 3289; baseline -0.001 -18"><span class='ocrx_word' id='word_1_235' title='bbox 200 3219 235 3286; x_wconf 83' lang='grc'>66</span> <span class='ocrx_word' id='word_1_236' title='bbox 289 3212 334 3272; x_wconf 88' lang='lat' dir='ltr'>Ne</span> <span class='ocrx_word' id='word_1_237' title='bbox 347 3229 416 3273; x_wconf 85' lang='lat' dir='ltr'>mea</span> <span class='ocrx_word' id='word_1_238' title='bbox 431 3213 630 3275; x_wconf 85' lang='lat' dir='ltr'>Sarmaticum</span> <span class='ocrx_word' id='word_1_239' title='bbox 647 3220 788 3289; x_wconf 82' lang='lat' dir='ltr'>contegat</span> <span class='ocrx_word' id='word_1_240' title='bbox 804 3229 879 3273; x_wconf 90' lang='lat' dir='ltr'>ossa</span> <span class='ocrx_word' id='word_1_241' title='bbox 893 3216 1001 3273; x_wconf 86' lang='lat' dir='ltr'>sotum.</span> 
     </span>
     <span class='ocr_line' id='line_1_37' title="bbox 250 3294 1028 3373; baseline 0.003 -19"><span class='ocrx_word' id='word_1_242' title='bbox 250 3294 324 3355; x_wconf 87' lang='lat' dir='ltr'>Cum</span> <span class='ocrx_word' id='word_1_243' title='bbox 338 3297 432 3371; x_wconf 86' lang='lat' dir='ltr'>subit,</span> <span class='ocrx_word' id='word_1_244' title='bbox 450 3298 580 3370; x_wconf 73' lang='lat' dir='ltr'>Augusti</span> <span class='ocrx_word' id='word_1_245' title='bbox 601 3314 680 3373; x_wconf 90' lang='lat' dir='ltr'>quae</span> <span class='ocrx_word' id='word_1_246' title='bbox 696 3299 734 3356; x_wconf 90' lang='lat' dir='ltr'>sit</span> <span class='ocrx_word' id='word_1_247' title='bbox 749 3296 920 3371; x_wconf 82' lang='lat' dir='ltr'>clementia,</span> <span class='ocrx_word' id='word_1_248' title='bbox 937 3297 1028 3356; x_wconf 87' lang='lat' dir='ltr'>credo</span> 
     </span>
     <span class='ocr_line' id='line_1_38' title="bbox 292 3377 877 3454; baseline 0.002 -17"><span class='ocrx_word' id='word_1_249' title='bbox 292 3377 396 3438; x_wconf 88' lang='lat' dir='ltr'>Mollia</span> <span class='ocrx_word' id='word_1_250' title='bbox 411 3379 575 3454; x_wconf 81' lang='lat' dir='ltr'>naufragiis</span> <span class='ocrx_word' id='word_1_251' title='bbox 590 3381 679 3440; x_wconf 87' lang='lat' dir='ltr'>litora</span> <span class='ocrx_word' id='word_1_252' title='bbox 692 3395 787 3454; x_wconf 89' lang='lat' dir='ltr'>posse</span> <span class='ocrx_word' id='word_1_253' title='bbox 802 3379 877 3438; x_wconf 88' lang='lat' dir='ltr'>dari.</span> 
     </span>
    </p>
   </div>
   <div class='ocr_carea' id='block_1_3' title="bbox 251 3460 1200 3541">
    <p class='ocr_par' dir='ltr' id='par_1_3' title="bbox 251 3460 1200 3541">
     <span class='ocr_line' id='line_1_39' title="bbox 251 3460 1200 3541; baseline 0 -23"><span class='ocrx_word' id='word_1_254' title='bbox 251 3460 325 3521; x_wconf 82' lang='lat' dir='ltr'>Cum</span> <span class='ocrx_word' id='word_1_255' title='bbox 338 3462 445 3537; x_wconf 87' lang='lat' dir='ltr'>video,</span> <span class='ocrx_word' id='word_1_256' title='bbox 464 3478 554 3538; x_wconf 88' lang='lat' dir='ltr'>quarn</span> <span class='ocrx_word' id='word_1_257' title='bbox 569 3464 628 3522; x_wconf 91' lang='lat' dir='ltr'>sint</span> <span class='ocrx_word' id='word_1_258' title='bbox 641 3478 709 3522; x_wconf 90' lang='lat' dir='ltr'>mea</span> <span class='ocrx_word' id='word_1_259' title='bbox 725 3463 786 3522; x_wconf 86' lang='lat' dir='ltr'>iata</span> <span class='ocrx_word' id='word_1_260' title='bbox 798 3464 931 3541; x_wconf 89' lang='lat' dir='ltr'>tenacia,</span> <span class='ocrx_word' id='word_1_261' title='bbox 947 3465 1083 3536; x_wconf 82' lang='lat' dir='ltr'>trangon:</span> <span class='ocrx_word' id='word_1_262' title='bbox 1198 3524 1200 3531; x_wconf 23' lang='lat'><strong>¹</strong></span> 
     </span>
    </p>
   </div>
   <div class='ocr_carea' id='block_1_4' title="bbox 0 0 1304 3812">
    <p class='ocr_par' dir='ltr' id='par_1_4' title="bbox 0 0 1304 3812">
     <span class='ocr_line' id='line_1_40' title="bbox 0 0 1304 3812; baseline 0 0"><span class='ocrx_word' id='word_1_263' title='bbox 0 0 1304 3812; x_wconf 95' lang='lat' dir='ltr'> </span> 
     </span>
    </p>
   </div>
  </div>
 </body>
</html>
