2602 3816
69 3444 99 3475 iit*

170 198 233 264 194
563 200 621 262 EX
645 198 790 261 PONTO

170 353 238 447 12.
293 386 537 450 runronuo.
591 349 594 355 ’

253 486 326 593 Quo
340 523 439 583 minus
454 520 484 581 in
499 519 611 581 nostrie
627 519 761 596 ponaris,
782 519 887 596 amice,
906 520 1025 596 libeliis,

291 606 428 666 Nominis
442 605 571 665 eiiieitur
584 604 763 664 condicione
775 604 829 663 tui.
914 606 919 618 '

248 690 306 750 Asi
320 705 378 764 ego
394 705 455 750 non
470 688 561 747 alium
575 687 662 763 prius
675 687 735 747 hoc
749 687 1035 765 dignarer-‚honorez

290 773 346 834 Est
359 772 467 846 aliquis
481 777 617 831 nostrum
633 770 660 831 si
675 770 767 831 modo
782 780 903 831 carmen
917 771 1024 831 honor.

221 857 313 919 uLex
328 856 417 931 pedis
433 854 535 915 officio
550 855 732 928 fortunaque
745 855 877 915 nominis
891 855 1006 915 obstat:

290 938 414 1014 Quaque
428 953 514 998 meas
529 937 633 1013 adeas,
654 946 701 997 est
714 937 765 998 via
778 939 867 1011 nulia,
889 939 1009 998 modos.

248 1024 324 1083 Nam
339 1022 431 1098 pudet
443 1022 474 1081 in
489 1022 626 1098 geminos
640 1021 682 1081 ita
695 1036 806 1099 nomen
821 1021 940 1082 findere
951 1036 1071 1097 versus,

288 1105 413 1166 Desinat
425 1111 457 1166 ut
471 1106 554 1181 prior
567 1105 636 1180 hoc,
657 1105 842 1180 incipiatque
856 1105 964 1164 minor.

173 1249 181 1267 x
204 1226 206 1231 -
247 1184 286 1249 Et
299 1188 420 1264 pudeat,
443 1188 469 1249 si
484 1196 522 1263 te,
544 1205 605 1264 qua
619 1188 738 1265 syllaba
752 1195 839 1263 parte
852 1197 995 1263 moratur,

194 1266 242 1334 “10
291 1272 395 1331 Antius
409 1274 557 1348 appellem
572 1271 808 1346 Tuticanumque
822 1286 938 1332 vocem.

249 1356 311 1416 Nee
325 1363 413 1430 potes
428 1356 457 1415 in
474 1371 594 1415 versum
607 1355 743 1415 Tuticani
756 1369 842 1414 more
856 1356 969 1431 venire,

287 1438 354 1500 Fiat
366 1446 399 1499 ut
412 1454 430 1498 e
443 1439 535 1515 ionga
548 1438 669 1517 syllaba
683 1439 779 1514 prinna
791 1438 912 1498 brevisa

248 1526 309 1583 Aut
321 1523 513 1598 producatur,
537 1538 615 1597 quae
630 1537 710 1582 nune
724 1522 893 1596 correptius
910 1524 980 1599 exit,

287 1607 326 1667 Et
339 1607 379 1666 sit
392 1613 533 1682 porrecta
546 1608 637 1682 longa
651 1606 786 1666 secunda
799 1620 893 1666 mora.

207 1700 240 1753 15
251 1690 305 1751 His
319 1705 377 1764 ego
393 1691 419 1750 si
433 1690 512 1751 vitiis
528 1690 625 1749 ausim
641 1704 834 1764 corrumpere
848 1704 967 1764 nornen,

289 1773 402 1834 Ridear
416 1781 445 1833 et
458 1775 565 1833 merito
579 1780 686 1849 pectus
701 1772 814 1832 habere
829 1787 930 1847 neger.

247 1857 330 1917 Haec
344 1857 416 1916 milii
431 1872 526 1918 eausa
540 1857 595 1917 fuit
609 1856 691 1916 ditati
706 1856 839 1916 muneris
853 1856 953 1931 huius,

291 1940 380 2014 Quod
394 1956 480 2000 meus
495 1936 735 2000 adiecto‘tenore
749 1938 857 1998 reddet
871 1954 965 1998 emor.

246 2024 349 2097 Teque
363 2039 469 2083 canam
485 2038 674 2099 quacumque
687 2029 768 2083 nota.
800 2022 853 2082 tibi
869 2024 1001 2084 carmina
1015 2025 1140 2100 mittam,

205 2117 240 2167 20
289 2105 388 2165 Paene
400 2107 471 2166 mihi
486 2122 582 2181 puero
598 2108 717 2180 cognite
731 2119 829 2181 paene
843 2122 927 2182 puer,

246 2189 364 2263 Perque
377 2197 421 2249 tot
434 2204 580 2250 annorum
594 2191 712 2261 seriem,
736 2197 811 2265 quot
824 2190 969 2251 habemus
983 2198 1120 2266 uterque,

286 2272 353 2330 Non
367 2272 448 2344 mihi,
470 2289 559 2348 quarn
575 2274 657 2333 fratri
671 2275 770 2345 irater,
793 2281 890 2333 amate
903 2276 1013 2333 minus.

246 2356 288 2414 Tu
303 2355 401 2414 bonus
416 2356 564 2429 hendor,
585 2364 617 2417 tu
631 2357 755 2433 duxque
767 2373 934 2431 comesque
949 2358 1039 2430 fuisti,

287 2438 361 2498 Cum
374 2454 511 2515 regerem
524 2447 628 2500 tenera
642 2441 728 2500 irena
741 2441 863 2500 novella
877 2457 977 2501 manu.

203 2531 238 2584 25
249 2522 349 2597 Saepe
364 2538 422 2597 ego
437 2525 554 2584 correxi
570 2523 627 2584 sub
640 2531 671 2584 te
685 2539 813 2585 censore
827 2525 961 2585 libellos:

285 2604 385 2681 Saepe
398 2607 451 2666 tibi
466 2607 620 2668 admonitu
634 2608 713 2667 iacta
727 2608 815 2668 litura
828 2624 897 2669 nneo
914 2614 969 2681 est,

244 2689 372 2763 Dignam
385 2691 532 2751 Maeoniis
547 2690 718 2752 Phaeacida
732 2692 865 2751 condere
879 2692 990 2751 chartis

285 2771 359 2832 Cum
371 2782 402 2833 te
414 2774 549 2834 Pierides
565 2774 751 2851 perdocuere
765 2783 844 2835 tuae.
963 2776 966 2783 ’

125 2841 136 2857 ’
244 2854 300 2913 Hic
315 2863 410 2931 tenor,
431 2852 508 2919 haec
523 2859 612 2918 viridi
627 2859 791 2918 concordia
806 2865 915 2934 coepta
928 2858 1050 2916 iuventa

203 2948 238 3001 30
287 2939 378 2998 Venit
391 2941 431 3000 ad
445 2942 579 3003 albentes
593 2941 774 3001 inlabefacta
791 2957 904 3001 comas.

245 3022 329 3094 Quae
342 3021 401 3082 nisi
413 3030 444 3082 te
457 3032 611 3097 moveant,
633 3027 710 3086 duro
725 3025 779 3085 tibi
793 3031 918 3099 pectora
932 3025 1011 3083 terro

283 3105 371 3177 Esse,
390 3108 438 3165 vel
453 3108 566 3168 invicto
582 3110 687 3169 clausa
701 3109 859 3168 adamante
873 3112 984 3181 putem.

245 3188 307 3247 Sed
322 3189 406 3263 prius
420 3189 490 3248 huic
505 3192 604 3251 desint
617 3199 647 3252 et
659 3191 771 3251 betium
786 3198 816 3250 et
829 3190 942 3265 frigora
956 3199 1065 3265 terrae,

283 3271 404 3331 Invisus
418 3272 506 3332 nobis
521 3290 600 3348 quae
614 3277 677 3334 duo
692 3274 805 3333 Pontus
820 3273 924 3334 habet:

201 3350 281 3413 aaut
293 3353 415 3428 tepidus
428 3354 539 3415 boreas
555 3364 584 3416 et
599 3359 639 3419 sit
653 3351 853 3433 praefrigidus
868 3366 978 3434 auster,

280 3435 318 3494 Et
331 3438 431 3511 possit
444 3439 534 3499 iatum
550 3441 670 3500 rnoliius
685 3454 755 3500 esse
768 3455 878 3518 meum,
