<?xml version="1.0" encoding="UTF-8"?>
<!DOCTYPE html PUBLIC "-//W3C//DTD XHTML 1.0 Transitional//EN"
    "http://www.w3.org/TR/xhtml1/DTD/xhtml1-transitional.dtd">
<html xmlns="http://www.w3.org/1999/xhtml" xml:lang="en" lang="en">
 <head>
  <title>
</title>
<meta http-equiv="Content-Type" content="text/html;charset=utf-8" />
  <meta name='ocr-system' content='tesseract 3.04.00' />
  <meta name='ocr-capabilities' content='ocr_page ocr_carea ocr_par ocr_line ocrx_word'/>
</head>
<body>
  <div class='ocr_page' id='page_1' title='image "./povidiusnaso00merkgoog_0251.png"; bbox 0 0 2602 3816; ppageno 0'>
   <div class='ocr_carea' id='block_1_1' title="bbox 194 209 823 277">
    <p class='ocr_par' dir='ltr' id='par_1_1' title="bbox 194 209 823 277">
     <span class='ocr_line' id='line_1_1' title="bbox 194 209 823 277; baseline -0.006 0"><span class='ocrx_word' id='word_1_1' title='bbox 194 212 264 277; x_wconf 70' lang='lat' dir='ltr'><strong>aad</strong></span> <span class='ocrx_word' id='word_1_2' title='bbox 571 209 823 275; x_wconf 76' lang='lat' dir='ltr'><strong>Fasuotttint</strong></span> 
     </span>
    </p>
   </div>
   <div class='ocr_carea' id='block_1_2' title="bbox 126 361 1284 3430">
    <p class='ocr_par' dir='ltr' id='par_1_2' title="bbox 126 361 1284 3430">
     <span class='ocr_line' id='line_1_2' title="bbox 215 361 961 438; baseline -0.007 -9"><span class='ocrx_word' id='word_1_3' title='bbox 215 373 266 429; x_wconf 81' lang='grc'><strong>545</strong></span> <span class='ocrx_word' id='word_1_4' title='bbox 278 364 332 424; x_wconf 91' lang='lat' dir='ltr'><strong>Ille</strong></span> <span class='ocrx_word' id='word_1_5' title='bbox 346 364 440 438; x_wconf 85' lang='lat' dir='ltr'><strong>patris</strong></span> <span class='ocrx_word' id='word_1_6' title='bbox 455 363 550 424; x_wconf 70' lang='lat' dir='ltr'><strong>Genio</strong></span> <span class='ocrx_word' id='word_1_7' title='bbox 566 362 725 423; x_wconf 73' lang='lat' dir='ltr'>sollemnia</span> <span class='ocrx_word' id='word_1_8' title='bbox 738 363 822 425; x_wconf 84' lang='lat' dir='ltr'><strong>dana</strong></span> <span class='ocrx_word' id='word_1_9' title='bbox 836 361 961 424; x_wconf 77' lang='lat' dir='ltr'><strong>tacebat</strong></span> 
     </span>
     <span class='ocr_line' id='line_1_3' title="bbox 317 444 866 525; baseline -0.004 -19"><span class='ocrx_word' id='word_1_10' title='bbox 317 447 393 507; x_wconf 86' lang='lat' dir='ltr'><strong>Hinc</strong></span> <span class='ocrx_word' id='word_1_11' title='bbox 408 447 515 525; x_wconf 89' lang='lat' dir='ltr'><strong>populi</strong></span> <span class='ocrx_word' id='word_1_12' title='bbox 527 448 603 507; x_wconf 84' lang='lat' dir='ltr'><strong>ritus</strong></span> <span class='ocrx_word' id='word_1_13' title='bbox 618 444 866 522; x_wconf 86' lang='lat' dir='ltr'><strong>edidicere-pios.</strong></span> 
     </span>
     <span class='ocr_line' id='line_1_4' title="bbox 275 528 1131 605; baseline 0.002 -14"><span class='ocrx_word' id='word_1_14' title='bbox 275 531 317 592; x_wconf 80' lang='lat' dir='ltr'><strong>At</strong></span> <span class='ocrx_word' id='word_1_15' title='bbox 330 531 499 605; x_wconf 86' lang='lat' dir='ltr'><strong>quondam,</strong></span> <span class='ocrx_word' id='word_1_16' title='bbox 515 530 587 590; x_wconf 89' lang='lat' dir='ltr'><strong>dum</strong></span> <span class='ocrx_word' id='word_1_17' title='bbox 600 529 693 602; x_wconf 70' lang='lat' dir='ltr'><strong>longa</strong></span> <span class='ocrx_word' id='word_1_18' title='bbox 706 536 815 602; x_wconf 70' lang='lat' dir='ltr'><strong>gerunt</strong></span> <span class='ocrx_word' id='word_1_19' title='bbox 828 528 1018 604; x_wconf 70' lang='lat' dir='ltr'>pugnacibus</span> <span class='ocrx_word' id='word_1_20' title='bbox 1032 531 1131 593; x_wconf 78' lang='lat' dir='ltr'><strong>armis</strong></span> 
     </span>
     <span class='ocr_line' id='line_1_5' title="bbox 317 611 874 689; baseline -0.005 -16"><span class='ocrx_word' id='word_1_21' title='bbox 317 613 415 687; x_wconf 88' lang='lat' dir='ltr'><strong>Bella,</strong></span> <span class='ocrx_word' id='word_1_22' title='bbox 433 613 604 689; x_wconf 88' lang='lat' dir='ltr'><strong>parentales</strong></span> <span class='ocrx_word' id='word_1_23' title='bbox 618 611 785 673; x_wconf 83' lang='lat' dir='ltr'><strong>deseruero</strong></span> <span class='ocrx_word' id='word_1_24' title='bbox 798 612 874 671; x_wconf 83' lang='lat' dir='ltr'><strong>dies.</strong></span> 
     </span>
     <span class='ocr_line' id='line_1_6' title="bbox 276 694 1035 773; baseline 0.001 -16"><span class='ocrx_word' id='word_1_25' title='bbox 276 697 342 758; x_wconf 88' lang='lat' dir='ltr'><strong>Non</strong></span> <span class='ocrx_word' id='word_1_26' title='bbox 356 697 479 773; x_wconf 86' lang='lat' dir='ltr'><strong>impune</strong></span> <span class='ocrx_word' id='word_1_27' title='bbox 493 696 557 755; x_wconf 88' lang='lat' dir='ltr'><strong>luit</strong></span> <span class='ocrx_word' id='word_1_28' title='bbox 585 710 655 754; x_wconf 86' lang='lat' dir='ltr'><strong>nam</strong></span> <span class='ocrx_word' id='word_1_29' title='bbox 667 694 779 756; x_wconf 89' lang='lat' dir='ltr'><strong>dicitur</strong></span> <span class='ocrx_word' id='word_1_30' title='bbox 793 696 895 755; x_wconf 84' lang='lat' dir='ltr'><strong>omine</strong></span> <span class='ocrx_word' id='word_1_31' title='bbox 911 695 950 755; x_wconf 90' lang='lat' dir='ltr'><strong>ab</strong></span> <span class='ocrx_word' id='word_1_32' title='bbox 964 694 1035 758; x_wconf 85' lang='lat' dir='ltr'><strong>isto.</strong></span> 
     </span>
     <span class='ocr_line' id='line_1_7' title="bbox 214 776 896 853; baseline -0.004 -13"><span class='ocrx_word' id='word_1_33' title='bbox 214 800 266 853; x_wconf 77' lang='lat'><strong>550</strong></span> <span class='ocrx_word' id='word_1_34' title='bbox 318 781 416 841; x_wconf 85' lang='lat' dir='ltr'><strong>Roma</strong></span> <span class='ocrx_word' id='word_1_35' title='bbox 430 776 612 839; x_wconf 71' lang='lat' dir='ltr'>suburbanis</span> <span class='ocrx_word' id='word_1_36' title='bbox 625 777 789 839; x_wconf 87' lang='lat' dir='ltr'><strong>incaluisse</strong></span> <span class='ocrx_word' id='word_1_37' title='bbox 802 779 896 853; x_wconf 70' lang='lat' dir='ltr'><strong>rogis.</strong></span> 
     </span>
     <span class='ocr_line' id='line_1_8' title="bbox 193 859 1103 937; baseline -0.005 -15"><span class='ocrx_word' id='word_1_38' title='bbox 193 900 198 906; x_wconf 90' lang='lat'><em>-</em></span> <span class='ocrx_word' id='word_1_39' title='bbox 277 862 338 923; x_wconf 84' lang='lat' dir='ltr'><strong>Vix</strong></span> <span class='ocrx_word' id='word_1_40' title='bbox 352 862 494 937; x_wconf 79' lang='lat' dir='ltr'><strong>equidem</strong></span> <span class='ocrx_word' id='word_1_41' title='bbox 508 861 613 935; x_wconf 89' lang='lat' dir='ltr'><strong>credo,</strong></span> <span class='ocrx_word' id='word_1_42' title='bbox 627 859 726 922; x_wconf 86' lang='lat' dir='ltr'><strong>bustis</strong></span> <span class='ocrx_word' id='word_1_43' title='bbox 739 862 843 922; x_wconf 86' lang='lat' dir='ltr'><strong>exisse</strong></span> <span class='ocrx_word' id='word_1_44' title='bbox 857 863 993 923; x_wconf 76' lang='lat' dir='ltr'><strong>feruntur</strong></span> <span class='ocrx_word' id='word_1_45' title='bbox 1099 908 1103 917; x_wconf 85' lang='lat'>.</span> 
     </span>
     <span class='ocr_line' id='line_1_9' title="bbox 316 944 926 1019; baseline 0 -14"><span class='ocrx_word' id='word_1_46' title='bbox 316 945 355 1005; x_wconf 84' lang='lat' dir='ltr'><strong>Et</strong></span> <span class='ocrx_word' id='word_1_47' title='bbox 367 946 475 1005; x_wconf 78' lang='lat' dir='ltr'><strong>tacitae</strong></span> <span class='ocrx_word' id='word_1_48' title='bbox 488 944 590 1019; x_wconf 87' lang='lat' dir='ltr'><strong>questi</strong></span> <span class='ocrx_word' id='word_1_49' title='bbox 603 952 740 1019; x_wconf 88' lang='lat' dir='ltr'><strong>tempore</strong></span> <span class='ocrx_word' id='word_1_50' title='bbox 753 945 855 1006; x_wconf 79' lang='lat' dir='ltr'><strong>noctis</strong></span> <span class='ocrx_word' id='word_1_51' title='bbox 866 946 926 1017; x_wconf 86' lang='lat' dir='ltr'><strong>avi,</strong></span> 
     </span>
     <span class='ocr_line' id='line_1_10' title="bbox 276 1027 1077 1105; baseline 0.002 -17"><span class='ocrx_word' id='word_1_52' title='bbox 276 1028 395 1103; x_wconf 79' lang='lat' dir='ltr'><strong>Perque</strong></span> <span class='ocrx_word' id='word_1_53' title='bbox 408 1028 475 1087; x_wconf 85' lang='lat' dir='ltr'><strong>vias</strong></span> <span class='ocrx_word' id='word_1_54' title='bbox 488 1027 572 1087; x_wconf 88' lang='lat' dir='ltr'><strong>urbis</strong></span> <span class='ocrx_word' id='word_1_55' title='bbox 587 1027 751 1102; x_wconf 87' lang='lat' dir='ltr'><strong>Latiosque</strong></span> <span class='ocrx_word' id='word_1_56' title='bbox 764 1029 902 1090; x_wconf 84' lang='lat' dir='ltr'><strong>ululasse</strong></span> <span class='ocrx_word' id='word_1_57' title='bbox 916 1044 971 1102; x_wconf 89' lang='lat' dir='ltr'><strong>per</strong></span> <span class='ocrx_word' id='word_1_58' title='bbox 984 1044 1077 1105; x_wconf 71' lang='lat' dir='ltr'><strong>agros</strong></span> 
     </span>
     <span class='ocr_line' id='line_1_11' title="bbox 317 1111 985 1184; baseline -0.001 -12"><span class='ocrx_word' id='word_1_59' title='bbox 317 1111 476 1172; x_wconf 87' lang='lat' dir='ltr'><strong>Deiormes</strong></span> <span class='ocrx_word' id='word_1_60' title='bbox 489 1111 621 1183; x_wconf 86' lang='lat' dir='ltr'><strong>animas,</strong></span> <span class='ocrx_word' id='word_1_61' title='bbox 635 1112 744 1184; x_wconf 76' lang='lat' dir='ltr'><strong>volgus</strong></span> <span class='ocrx_word' id='word_1_62' title='bbox 759 1111 862 1181; x_wconf 85' lang='lat' dir='ltr'><strong>inane,</strong></span> <span class='ocrx_word' id='word_1_63' title='bbox 878 1112 985 1173; x_wconf 80' lang='lat' dir='ltr'><strong>lerunt</strong></span> 
     </span>
     <span class='ocr_line' id='line_1_12' title="bbox 126 1193 1044 1271; baseline -0.004 -18"><span class='ocrx_word' id='word_1_64' title='bbox 126 1216 130 1222; x_wconf 90' lang='lat'><strong>·</strong></span> <span class='ocrx_word' id='word_1_65' title='bbox 213 1209 265 1264; x_wconf 75' lang='lat'><strong>555</strong></span> <span class='ocrx_word' id='word_1_66' title='bbox 277 1193 352 1254; x_wconf 90' lang='lat' dir='ltr'><strong>Post</strong></span> <span class='ocrx_word' id='word_1_67' title='bbox 364 1208 402 1254; x_wconf 85' lang='lat' dir='ltr'><strong>ee</strong></span> <span class='ocrx_word' id='word_1_68' title='bbox 415 1194 567 1269; x_wconf 87' lang='lat' dir='ltr'><strong>praeteriti</strong></span> <span class='ocrx_word' id='word_1_69' title='bbox 579 1194 700 1254; x_wconf 88' lang='lat' dir='ltr'><strong>tumulis</strong></span> <span class='ocrx_word' id='word_1_70' title='bbox 714 1193 881 1255; x_wconf 89' lang='lat' dir='ltr'><strong>reddantur</strong></span> <span class='ocrx_word' id='word_1_71' title='bbox 894 1194 1044 1271; x_wconf 84' lang='lat' dir='ltr'><strong>honores,</strong></span> 
     </span>
     <span class='ocr_line' id='line_1_13' title="bbox 315 1276 988 1352; baseline 0.003 -16"><span class='ocrx_word' id='word_1_72' title='bbox 315 1276 528 1352; x_wconf 83' lang='lat' dir='ltr'><strong>Prodigiisque</strong></span> <span class='ocrx_word' id='word_1_73' title='bbox 541 1279 625 1337; x_wconf 86' lang='lat' dir='ltr'><strong>venit</strong></span> <span class='ocrx_word' id='word_1_74' title='bbox 638 1276 857 1352; x_wconf 76' lang='lat' dir='ltr'><strong>funeribusque</strong></span> <span class='ocrx_word' id='word_1_75' title='bbox 869 1279 988 1338; x_wconf 87' lang='lat' dir='ltr'><strong>modus.</strong></span> 
     </span>
     <span class='ocr_line' id='line_1_14' title="bbox 276 1359 1070 1436; baseline -0.004 -14"><span class='ocrx_word' id='word_1_76' title='bbox 276 1361 355 1422; x_wconf 89' lang='lat' dir='ltr'><strong>Dum</strong></span> <span class='ocrx_word' id='word_1_77' title='bbox 368 1367 467 1421; x_wconf 84' lang='lat' dir='ltr'><strong>tomen</strong></span> <span class='ocrx_word' id='word_1_78' title='bbox 481 1361 558 1421; x_wconf 83' lang='lat' dir='ltr'><strong>haec</strong></span> <span class='ocrx_word' id='word_1_79' title='bbox 571 1360 661 1432; x_wconf 84' lang='lat' dir='ltr'><strong>fiunt,</strong></span> <span class='ocrx_word' id='word_1_80' title='bbox 675 1359 786 1419; x_wconf 88' lang='lat' dir='ltr'><strong>viduae</strong></span> <span class='ocrx_word' id='word_1_81' title='bbox 800 1364 920 1421; x_wconf 81' lang='lat' dir='ltr'><strong>cessata</strong></span> <span class='ocrx_word' id='word_1_82' title='bbox 934 1361 1070 1436; x_wconf 71' lang='lat' dir='ltr'><strong>pucilam</strong></span> 
     </span>
     <span class='ocr_line' id='line_1_15' title="bbox 315 1442 872 1519; baseline 0 -17"><span class='ocrx_word' id='word_1_83' title='bbox 315 1442 463 1518; x_wconf 86' lang='lat' dir='ltr'><strong>Expectet</strong></span> <span class='ocrx_word' id='word_1_84' title='bbox 476 1459 572 1519; x_wconf 89' lang='lat' dir='ltr'><strong>puros</strong></span> <span class='ocrx_word' id='word_1_85' title='bbox 586 1442 678 1518; x_wconf 85' lang='lat' dir='ltr'><strong>pinea</strong></span> <span class='ocrx_word' id='word_1_86' title='bbox 690 1443 781 1503; x_wconf 81' lang='lat' dir='ltr'><strong>meda</strong></span> <span class='ocrx_word' id='word_1_87' title='bbox 795 1443 872 1503; x_wconf 82' lang='lat' dir='ltr'><strong>dies.</strong></span> 
     </span>
     <span class='ocr_line' id='line_1_16' title="bbox 276 1524 1056 1602; baseline 0 -16"><span class='ocrx_word' id='word_1_88' title='bbox 276 1525 339 1587; x_wconf 88' lang='lat' dir='ltr'><strong>Neo</strong></span> <span class='ocrx_word' id='word_1_89' title='bbox 352 1527 420 1601; x_wconf 90' lang='lat' dir='ltr'><strong>tibi,</strong></span> <span class='ocrx_word' id='word_1_90' title='bbox 436 1542 515 1602; x_wconf 90' lang='lat' dir='ltr'><strong>quoe</strong></span> <span class='ocrx_word' id='word_1_91' title='bbox 529 1526 660 1602; x_wconf 76' lang='lat' dir='ltr'><strong>cupidae</strong></span> <span class='ocrx_word' id='word_1_92' title='bbox 672 1530 789 1587; x_wconf 89' lang='lat' dir='ltr'><strong>matura</strong></span> <span class='ocrx_word' id='word_1_93' title='bbox 802 1524 945 1586; x_wconf 85' lang='lat' dir='ltr'><strong>videbere</strong></span> <span class='ocrx_word' id='word_1_94' title='bbox 959 1527 1056 1602; x_wconf 89' lang='lat' dir='ltr'><strong>matri,</strong></span> 
     </span>
     <span class='ocr_line' id='line_1_17' title="bbox 212 1609 956 1684; baseline -0.008 -10"><span class='ocrx_word' id='word_1_95' title='bbox 212 1619 264 1675; x_wconf 85' lang='grc'><strong>560</strong></span> <span class='ocrx_word' id='word_1_96' title='bbox 319 1609 588 1684; x_wconf 81' lang='lat' dir='ltr'><strong>Comatvirgineas</strong></span> <span class='ocrx_word' id='word_1_97' title='bbox 600 1610 689 1669; x_wconf 86' lang='lat' dir='ltr'><strong>basta</strong></span> <span class='ocrx_word' id='word_1_98' title='bbox 698 1625 828 1669; x_wconf 82' lang='lat' dir='ltr'><strong>recurva</strong></span> <span class='ocrx_word' id='word_1_99' title='bbox 842 1625 956 1670; x_wconf 87' lang='lat' dir='ltr'><strong>comas.</strong></span> 
     </span>
     <span class='ocr_line' id='line_1_18' title="bbox 200 1693 1111 1771; baseline -0.002 -15"><span class='ocrx_word' id='word_1_100' title='bbox 200 1728 204 1733; x_wconf 89' lang='lat'><em>-</em></span> <span class='ocrx_word' id='word_1_101' title='bbox 277 1693 381 1756; x_wconf 84' lang='lat' dir='ltr'><strong>conde</strong></span> <span class='ocrx_word' id='word_1_102' title='bbox 394 1701 479 1764; x_wconf 86' lang='lat' dir='ltr'><strong>tuas,</strong></span> <span class='ocrx_word' id='word_1_103' title='bbox 494 1694 684 1771; x_wconf 81' lang='lat' dir='ltr'><strong>Hymenaee,</strong></span> <span class='ocrx_word' id='word_1_104' title='bbox 700 1694 792 1765; x_wconf 75' lang='lat' dir='ltr'><strong>faeie,</strong></span> <span class='ocrx_word' id='word_1_105' title='bbox 809 1699 841 1752; x_wconf 88' lang='lat' dir='ltr'><strong>et</strong></span> <span class='ocrx_word' id='word_1_106' title='bbox 852 1694 890 1752; x_wconf 90' lang='lat' dir='ltr'><strong>ab</strong></span> <span class='ocrx_word' id='word_1_107' title='bbox 906 1693 1025 1768; x_wconf 71' lang='lat' dir='ltr'><strong>ignibus</strong></span> <span class='ocrx_word' id='word_1_108' title='bbox 1036 1694 1111 1754; x_wconf 87' lang='lat' dir='ltr'><strong>atris</strong></span> 
     </span>
     <span class='ocr_line' id='line_1_19' title="bbox 315 1773 1055 1850; baseline 0 -14"><span class='ocrx_word' id='word_1_109' title='bbox 315 1777 424 1838; x_wconf 79' lang='lat' dir='ltr'><strong>Aufert</strong></span> <span class='ocrx_word' id='word_1_110' title='bbox 440 1775 553 1837; x_wconf 88' lang='lat' dir='ltr'><strong>babent</strong></span> <span class='ocrx_word' id='word_1_111' title='bbox 565 1773 641 1836; x_wconf 82' lang='lat' dir='ltr'><strong>alias</strong></span> <span class='ocrx_word' id='word_1_112' title='bbox 654 1783 773 1836; x_wconf 87' lang='lat' dir='ltr'><strong>maesta</strong></span> <span class='ocrx_word' id='word_1_113' title='bbox 784 1776 947 1850; x_wconf 82' lang='lat' dir='ltr'><strong>sepulchra</strong></span> <span class='ocrx_word' id='word_1_114' title='bbox 961 1778 1055 1836; x_wconf 79' lang='lat' dir='ltr'><strong>laces.</strong></span> 
     </span>
     <span class='ocr_line' id='line_1_20' title="bbox 275 1859 1055 1935; baseline -0.003 -14"><span class='ocrx_word' id='word_1_115' title='bbox 275 1860 312 1922; x_wconf 87' lang='lat' dir='ltr'><strong>Di</strong></span> <span class='ocrx_word' id='word_1_116' title='bbox 328 1875 450 1935; x_wconf 87' lang='lat' dir='ltr'><strong>quoque</strong></span> <span class='ocrx_word' id='word_1_117' title='bbox 463 1860 642 1934; x_wconf 87' lang='lat' dir='ltr'><strong>templorum</strong></span> <span class='ocrx_word' id='word_1_118' title='bbox 656 1859 771 1919; x_wconf 85' lang='lat' dir='ltr'><strong>toribus</strong></span> <span class='ocrx_word' id='word_1_119' title='bbox 786 1860 1055 1935; x_wconf 84' lang='lat' dir='ltr'><strong>celenturopertis,</strong></span> 
     </span>
     <span class='ocr_line' id='line_1_21' title="bbox 316 1942 1152 2017; baseline 0 -15"><span class='ocrx_word' id='word_1_120' title='bbox 316 1943 395 2003; x_wconf 85' lang='lat' dir='ltr'><strong>Ture</strong></span> <span class='ocrx_word' id='word_1_121' title='bbox 409 1950 519 2003; x_wconf 89' lang='lat' dir='ltr'><strong>vacent</strong></span> <span class='ocrx_word' id='word_1_122' title='bbox 532 1958 618 2015; x_wconf 84' lang='lat' dir='ltr'><strong>arae,</strong></span> <span class='ocrx_word' id='word_1_123' title='bbox 633 1948 778 2017; x_wconf 52' lang='lat' dir='ltr'><strong>stentque*</strong></span> <span class='ocrx_word' id='word_1_124' title='bbox 787 1942 857 2003; x_wconf 90' lang='lat' dir='ltr'><strong>sine</strong></span> <span class='ocrx_word' id='word_1_125' title='bbox 865 1943 936 2016; x_wconf 74' lang='lat' dir='ltr'><strong>igne</strong></span> <span class='ocrx_word' id='word_1_126' title='bbox 952 1944 1021 2003; x_wconf 87' lang='lat' dir='ltr'><strong>ioci.</strong></span> <span class='ocrx_word' id='word_1_127' title='bbox 1149 1996 1152 2013; x_wconf 82' lang='lat'>‚</span> 
     </span>
     <span class='ocr_line' id='line_1_22' title="bbox 211 2024 1106 2101; baseline 0.002 -15"><span class='ocrx_word' id='word_1_128' title='bbox 211 2031 263 2088; x_wconf 82' lang='grc'><strong>565</strong></span> <span class='ocrx_word' id='word_1_129' title='bbox 277 2024 362 2086; x_wconf 88' lang='lat' dir='ltr'><strong>Nune</strong></span> <span class='ocrx_word' id='word_1_130' title='bbox 377 2025 494 2088; x_wconf 87' lang='lat' dir='ltr'><strong>animae</strong></span> <span class='ocrx_word' id='word_1_131' title='bbox 507 2033 615 2086; x_wconf 87' lang='lat' dir='ltr'><strong>tannes</strong></span> <span class='ocrx_word' id='word_1_132' title='bbox 628 2033 659 2086; x_wconf 90' lang='lat' dir='ltr'><strong>et</strong></span> <span class='ocrx_word' id='word_1_133' title='bbox 673 2040 804 2100; x_wconf 88' lang='lat' dir='ltr'><strong>corpora</strong></span> <span class='ocrx_word' id='word_1_134' title='bbox 817 2026 919 2086; x_wconf 85' lang='lat' dir='ltr'><strong>iuncta</strong></span> <span class='ocrx_word' id='word_1_135' title='bbox 933 2025 1106 2101; x_wconf 80' lang='lat' dir='ltr'><strong>sepulchris</strong></span> 
     </span>
     <span class='ocr_line' id='line_1_23' title="bbox 271 2108 1007 2191; baseline 0.001 -23.065"><span class='ocrx_word' id='word_1_136' title='bbox 271 2108 437 2182; x_wconf 80' lang='lat' dir='ltr'><strong>Errant,</strong></span> <span class='ocrx_word' id='word_1_137' title='bbox 453 2124 534 2169; x_wconf 89' lang='lat' dir='ltr'><strong>nunc</strong></span> <span class='ocrx_word' id='word_1_138' title='bbox 547 2109 649 2191; x_wconf 86' lang='lat' dir='ltr'><strong>posito</strong></span> <span class='ocrx_word' id='word_1_139' title='bbox 662 2110 798 2184; x_wconf 85' lang='lat' dir='ltr'><strong>pascitur</strong></span> <span class='ocrx_word' id='word_1_140' title='bbox 808 2109 915 2169; x_wconf 84' lang='lat' dir='ltr'><strong>umbra</strong></span> <span class='ocrx_word' id='word_1_141' title='bbox 929 2109 1007 2170; x_wconf 88' lang='lat' dir='ltr'><strong>cibo</strong></span> 
     </span>
     <span class='ocr_line' id='line_1_24' title="bbox 276 2184 1152 2268; baseline 0.003 -16"><span class='ocrx_word' id='word_1_142' title='bbox 276 2191 339 2252; x_wconf 84' lang='lat' dir='ltr'><strong>Nec</strong></span> <span class='ocrx_word' id='word_1_143' title='bbox 351 2198 451 2251; x_wconf 88' lang='lat' dir='ltr'><strong>tomen</strong></span> <span class='ocrx_word' id='word_1_144' title='bbox 465 2191 541 2250; x_wconf 90' lang='lat' dir='ltr'><strong>haec</strong></span> <span class='ocrx_word' id='word_1_145' title='bbox 554 2184 645 2263; x_wconf 85' lang='lat' dir='ltr'><strong>ultra,</strong></span> <span class='ocrx_word' id='word_1_146' title='bbox 662 2208 755 2267; x_wconf 88' lang='lat' dir='ltr'><strong>quam</strong></span> <span class='ocrx_word' id='word_1_147' title='bbox 765 2199 809 2253; x_wconf 82' lang='lat' dir='ltr'><strong>tot</strong></span> <span class='ocrx_word' id='word_1_148' title='bbox 824 2192 862 2253; x_wconf 90' lang='lat' dir='ltr'><strong>de</strong></span> <span class='ocrx_word' id='word_1_149' title='bbox 875 2209 983 2252; x_wconf 87' lang='lat' dir='ltr'><strong>mense</strong></span> <span class='ocrx_word' id='word_1_150' title='bbox 995 2192 1152 2268; x_wconf 74' lang='lat' dir='ltr'><strong>supersint</strong></span> 
     </span>
     <span class='ocr_line' id='line_1_25' title="bbox 314 2273 1050 2348; baseline 0.003 -15"><span class='ocrx_word' id='word_1_151' title='bbox 314 2273 460 2347; x_wconf 80' lang='lat' dir='ltr'><strong>Luciferi,</strong></span> <span class='ocrx_word' id='word_1_152' title='bbox 477 2281 553 2348; x_wconf 92' lang='lat' dir='ltr'><strong>quot</strong></span> <span class='ocrx_word' id='word_1_153' title='bbox 565 2274 679 2336; x_wconf 88' lang='lat' dir='ltr'><strong>habent</strong></span> <span class='ocrx_word' id='word_1_154' title='bbox 690 2290 831 2336; x_wconf 80' lang='lat' dir='ltr'><strong>carmina</strong></span> <span class='ocrx_word' id='word_1_155' title='bbox 836 2283 943 2337; x_wconf 79' lang='lat' dir='ltr'><strong>nostm</strong></span> <span class='ocrx_word' id='word_1_156' title='bbox 955 2292 1050 2337; x_wconf 85' lang='lat' dir='ltr'><strong>moes</strong></span> 
     </span>
     <span class='ocr_line' id='line_1_26' title="bbox 276 2356 1060 2431; baseline -0.003 -12"><span class='ocrx_word' id='word_1_157' title='bbox 276 2356 377 2427; x_wconf 88' lang='lat' dir='ltr'><strong>Hanc,</strong></span> <span class='ocrx_word' id='word_1_158' title='bbox 393 2357 466 2431; x_wconf 88' lang='lat' dir='ltr'><strong>quia</strong></span> <span class='ocrx_word' id='word_1_159' title='bbox 480 2358 559 2418; x_wconf 87' lang='lat' dir='ltr'><strong>iusta</strong></span> <span class='ocrx_word' id='word_1_160' title='bbox 577 2358 689 2430; x_wconf 81' lang='lat' dir='ltr'><strong>tenant,</strong></span> <span class='ocrx_word' id='word_1_161' title='bbox 704 2359 809 2418; x_wconf 85' lang='lat' dir='ltr'><strong>dixere</strong></span> <span class='ocrx_word' id='word_1_162' title='bbox 821 2358 939 2419; x_wconf 88' lang='lat' dir='ltr'><strong>Feralia</strong></span> <span class='ocrx_word' id='word_1_163' title='bbox 953 2361 1060 2420; x_wconf 88' lang='lat' dir='ltr'><strong>lucem.</strong></span> 
     </span>
     <span class='ocr_line' id='line_1_27' title="bbox 213 2438 911 2516; baseline 0.003 -16"><span class='ocrx_word' id='word_1_164' title='bbox 213 2438 266 2512; x_wconf 71' lang='lat'><strong>570</strong></span> <span class='ocrx_word' id='word_1_165' title='bbox 319 2440 429 2501; x_wconf 87' lang='lat' dir='ltr'><strong>Ultima</strong></span> <span class='ocrx_word' id='word_1_166' title='bbox 443 2440 601 2516; x_wconf 78' lang='lat' dir='ltr'><strong>placandis</strong></span> <span class='ocrx_word' id='word_1_167' title='bbox 615 2441 754 2502; x_wconf 91' lang='lat' dir='ltr'><strong>manibus</strong></span> <span class='ocrx_word' id='word_1_168' title='bbox 769 2443 821 2503; x_wconf 89' lang='lat' dir='ltr'><strong>illa</strong></span> <span class='ocrx_word' id='word_1_169' title='bbox 835 2443 911 2504; x_wconf 85' lang='lat' dir='ltr'><strong>dies.</strong></span> 
     </span>
     <span class='ocr_line' id='line_1_28' title="bbox 276 2523 1098 2602; baseline 0.002 -17"><span class='ocrx_word' id='word_1_170' title='bbox 276 2523 357 2585; x_wconf 82' lang='lat' dir='ltr'><strong>Ecce</strong></span> <span class='ocrx_word' id='word_1_171' title='bbox 370 2540 447 2585; x_wconf 87' lang='lat' dir='ltr'><strong>anns</strong></span> <span class='ocrx_word' id='word_1_172' title='bbox 462 2524 491 2585; x_wconf 90' lang='lat' dir='ltr'><strong>in</strong></span> <span class='ocrx_word' id='word_1_173' title='bbox 506 2524 614 2586; x_wconf 88' lang='lat' dir='ltr'><strong>mediis</strong></span> <span class='ocrx_word' id='word_1_174' title='bbox 628 2525 767 2586; x_wconf 88' lang='lat' dir='ltr'><strong>residens</strong></span> <span class='ocrx_word' id='word_1_175' title='bbox 780 2541 898 2586; x_wconf 86' lang='lat' dir='ltr'><strong>annosa</strong></span> <span class='ocrx_word' id='word_1_176' title='bbox 912 2526 1024 2602; x_wconf 86' lang='lat' dir='ltr'><strong>puellis</strong></span> <span class='ocrx_word' id='word_1_177' title='bbox 1094 2580 1098 2587; x_wconf 89' lang='lat'><em>.</em></span> 
     </span>
     <span class='ocr_line' id='line_1_29' title="bbox 317 2606 1029 2686; baseline -0.003 -19"><span class='ocrx_word' id='word_1_178' title='bbox 317 2606 413 2667; x_wconf 83' lang='lat' dir='ltr'><strong>Sacra</strong></span> <span class='ocrx_word' id='word_1_179' title='bbox 431 2606 643 2670; x_wconf 85' lang='lat' dir='ltr'><strong>iacitTacitne.</strong></span> <span class='ocrx_word' id='word_1_180' title='bbox 670 2609 723 2667; x_wconf 88' lang='lat' dir='ltr'><strong>vix</strong></span> <span class='ocrx_word' id='word_1_181' title='bbox 736 2616 836 2669; x_wconf 86' lang='lat' dir='ltr'><strong>tomen</strong></span> <span class='ocrx_word' id='word_1_182' title='bbox 854 2609 922 2686; x_wconf 87' lang='lat' dir='ltr'><strong>ipsa</strong></span> <span class='ocrx_word' id='word_1_183' title='bbox 935 2616 1029 2670; x_wconf 65' lang='lat' dir='ltr'><strong>tacete</strong></span> 
     </span>
     <span class='ocr_line' id='line_1_30' title="bbox 275 2689 983 2767; baseline 0.001 -16"><span class='ocrx_word' id='word_1_184' title='bbox 275 2689 315 2751; x_wconf 84' lang='lat' dir='ltr'><strong>Et</strong></span> <span class='ocrx_word' id='word_1_185' title='bbox 327 2690 428 2765; x_wconf 77' lang='lat' dir='ltr'><strong>digitis</strong></span> <span class='ocrx_word' id='word_1_186' title='bbox 441 2693 576 2755; x_wconf 79' lang='lat' dir='ltr'><strong>trintum</strong></span> <span class='ocrx_word' id='word_1_187' title='bbox 588 2691 685 2751; x_wconf 90' lang='lat' dir='ltr'><strong>tribus</strong></span> <span class='ocrx_word' id='word_1_188' title='bbox 703 2693 875 2752; x_wconf 88' lang='lat' dir='ltr'><strong>sublimine</strong></span> <span class='ocrx_word' id='word_1_189' title='bbox 890 2693 983 2767; x_wconf 87' lang='lat' dir='ltr'><strong>ponit,</strong></span> 
     </span>
     <span class='ocr_line' id='line_1_31' title="bbox 318 2773 983 2849; baseline 0 -15"><span class='ocrx_word' id='word_1_190' title='bbox 318 2773 388 2847; x_wconf 79' lang='lat' dir='ltr'><strong>Qua·</strong></span> <span class='ocrx_word' id='word_1_191' title='bbox 397 2774 500 2835; x_wconf 84' lang='lat' dir='ltr'><strong>brevis</strong></span> <span class='ocrx_word' id='word_1_192' title='bbox 515 2775 666 2849; x_wconf 81' lang='lat' dir='ltr'><strong>occultum</strong></span> <span class='ocrx_word' id='word_1_193' title='bbox 678 2791 746 2836; x_wconf 89' lang='lat' dir='ltr'><strong>mus</strong></span> <span class='ocrx_word' id='word_1_194' title='bbox 761 2776 819 2835; x_wconf 88' lang='lat' dir='ltr'><strong>sibi</strong></span> <span class='ocrx_word' id='word_1_195' title='bbox 834 2776 907 2837; x_wconf 86' lang='lat' dir='ltr'><strong>lecit</strong></span> <span class='ocrx_word' id='word_1_196' title='bbox 918 2777 983 2835; x_wconf 88' lang='lat' dir='ltr'><strong>iter.</strong></span> 
     </span>
     <span class='ocr_line' id='line_1_32' title="bbox 214 2854 1117 2933; baseline -0.004 -11"><span class='ocrx_word' id='word_1_197' title='bbox 214 2867 265 2923; x_wconf 86' lang='grc'><strong>575</strong></span> <span class='ocrx_word' id='word_1_198' title='bbox 279 2854 361 2916; x_wconf 89' lang='lat' dir='ltr'><strong>Tunc</strong></span> <span class='ocrx_word' id='word_1_199' title='bbox 375 2865 494 2918; x_wconf 87' lang='lat' dir='ltr'><strong>cantata</strong></span> <span class='ocrx_word' id='word_1_200' title='bbox 507 2859 580 2933; x_wconf 80' lang='lat' dir='ltr'><strong>ligat</strong></span> <span class='ocrx_word' id='word_1_201' title='bbox 594 2872 663 2918; x_wconf 82' lang='lat' dir='ltr'><strong>cunr</strong></span> <span class='ocrx_word' id='word_1_202' title='bbox 676 2859 764 2918; x_wconf 87' lang='lat' dir='ltr'><strong>lusco</strong></span> <span class='ocrx_word' id='word_1_203' title='bbox 778 2858 848 2918; x_wconf 89' lang='lat' dir='ltr'><strong>licia</strong></span> <span class='ocrx_word' id='word_1_204' title='bbox 862 2858 998 2931; x_wconf 88' lang='lat' dir='ltr'><strong>rhombo,</strong></span> <span class='ocrx_word' id='word_1_205' title='bbox 1112 2866 1117 2875; x_wconf 88' lang='lat'>&#39;</span> 
     </span>
     <span class='ocr_line' id='line_1_33' title="bbox 315 2939 976 3016; baseline 0.003 -18"><span class='ocrx_word' id='word_1_206' title='bbox 315 2939 352 2998; x_wconf 86' lang='lat' dir='ltr'><strong>Et</strong></span> <span class='ocrx_word' id='word_1_207' title='bbox 364 2948 483 3014; x_wconf 90' lang='lat' dir='ltr'><strong>septem</strong></span> <span class='ocrx_word' id='word_1_208' title='bbox 496 2942 599 3016; x_wconf 77' lang='lat' dir='ltr'><strong>nigras</strong></span> <span class='ocrx_word' id='word_1_209' title='bbox 612 2948 715 3001; x_wconf 81' lang='lat' dir='ltr'><strong>versat</strong></span> <span class='ocrx_word' id='word_1_210' title='bbox 727 2942 758 3001; x_wconf 89' lang='lat' dir='ltr'><strong>in</strong></span> <span class='ocrx_word' id='word_1_211' title='bbox 773 2957 826 3002; x_wconf 83' lang='lat' dir='ltr'><strong>ore</strong></span> <span class='ocrx_word' id='word_1_212' title='bbox 840 2942 936 3001; x_wconf 82' lang='lat' dir='ltr'><strong>fabas.</strong></span> <span class='ocrx_word' id='word_1_213' title='bbox 967 2966 976 2977; x_wconf 29' lang='grc' dir='ltr'><em>Α</em></span> 
     </span>
     <span class='ocr_line' id='line_1_34' title="bbox 276 3020 1284 3113; baseline 0.001 -31"><span class='ocrx_word' id='word_1_214' title='bbox 276 3020 426 3096; x_wconf 80' lang='lat' dir='ltr'><strong>Quodque</strong></span> <span class='ocrx_word' id='word_1_215' title='bbox 440 3025 509 3098; x_wconf 89' lang='lat' dir='ltr'><strong>pice</strong></span> <span class='ocrx_word' id='word_1_216' title='bbox 524 3024 698 3098; x_wconf 85' lang='lat' dir='ltr'><strong>adstrinxit,</strong></span> <span class='ocrx_word' id='word_1_217' title='bbox 714 3025 798 3100; x_wconf 88' lang='lat' dir='ltr'><strong>quod</strong></span> <span class='ocrx_word' id='word_1_218' title='bbox 810 3039 869 3084; x_wconf 84' lang='lat' dir='ltr'><strong>ocu</strong></span> <span class='ocrx_word' id='word_1_219' title='bbox 882 3023 1000 3083; x_wconf 86' lang='lat' dir='ltr'><strong>traiecit</strong></span> <span class='ocrx_word' id='word_1_220' title='bbox 1011 3020 1110 3099; x_wconf 73' lang='lat' dir='ltr'><strong>stine„</strong></span> <span class='ocrx_word' id='word_1_221' title='bbox 1283 3030 1284 3113; x_wconf 57' lang='grc' dir='ltr'><strong>ι</strong></span> 
     </span>
     <span class='ocr_line' id='line_1_35' title="bbox 317 3104 955 3181; baseline 0.002 -17"><span class='ocrx_word' id='word_1_222' title='bbox 317 3104 465 3166; x_wconf 88' lang='lat' dir='ltr'><strong>Obsutum</strong></span> <span class='ocrx_word' id='word_1_223' title='bbox 478 3122 606 3166; x_wconf 83' lang='lat' dir='ltr'><strong>maenae</strong></span> <span class='ocrx_word' id='word_1_224' title='bbox 618 3115 713 3168; x_wconf 86' lang='lat' dir='ltr'><strong>torret</strong></span> <span class='ocrx_word' id='word_1_225' title='bbox 721 3109 756 3169; x_wconf 88' lang='lat' dir='ltr'><strong>in</strong></span> <span class='ocrx_word' id='word_1_226' title='bbox 769 3109 955 3181; x_wconf 78' lang='lat' dir='ltr'><strong>igoecaput</strong></span> 
     </span>
     <span class='ocr_line' id='line_1_36' title="bbox 275 3187 1177 3267; baseline 0.006 -20"><span class='ocrx_word' id='word_1_227' title='bbox 275 3187 356 3248; x_wconf 87' lang='lat' dir='ltr'><strong>Vina</strong></span> <span class='ocrx_word' id='word_1_228' title='bbox 369 3205 492 3264; x_wconf 85' lang='lat' dir='ltr'><strong>quoque</strong></span> <span class='ocrx_word' id='word_1_229' title='bbox 505 3190 638 3253; x_wconf 86' lang='lat' dir='ltr'><strong>instillat.</strong></span> <span class='ocrx_word' id='word_1_230' title='bbox 665 3193 727 3251; x_wconf 79' lang='lat' dir='ltr'><strong>vini</strong></span> <span class='ocrx_word' id='word_1_231' title='bbox 742 3190 955 3266; x_wconf 88' lang='lat' dir='ltr'><strong>quodcumque</strong></span> <span class='ocrx_word' id='word_1_232' title='bbox 968 3190 1108 3251; x_wconf 82' lang='lat' dir='ltr'><strong>relictum</strong></span> <span class='ocrx_word' id='word_1_233' title='bbox 1120 3200 1177 3267; x_wconf 88' lang='lat' dir='ltr'><strong>est,</strong></span> 
     </span>
     <span class='ocr_line' id='line_1_37' title="bbox 213 3272 1093 3352; baseline 0.002 -20"><span class='ocrx_word' id='word_1_234' title='bbox 213 3277 266 3332; x_wconf 84' lang='grc'><strong>580</strong></span> <span class='ocrx_word' id='word_1_235' title='bbox 319 3274 381 3352; x_wconf 87' lang='lat' dir='ltr'><strong>Aut</strong></span> <span class='ocrx_word' id='word_1_236' title='bbox 394 3273 479 3347; x_wconf 77' lang='lat' dir='ltr'><strong>ipsa,</strong></span> <span class='ocrx_word' id='word_1_237' title='bbox 493 3279 545 3332; x_wconf 90' lang='lat' dir='ltr'><strong>aut</strong></span> <span class='ocrx_word' id='word_1_238' title='bbox 559 3275 698 3346; x_wconf 84' lang='lat' dir='ltr'><strong>comites,</strong></span> <span class='ocrx_word' id='word_1_239' title='bbox 713 3275 784 3348; x_wconf 87' lang='lat' dir='ltr'><strong>plus</strong></span> <span class='ocrx_word' id='word_1_240' title='bbox 796 3278 895 3330; x_wconf 86' lang='lat' dir='ltr'><strong>tamen</strong></span> <span class='ocrx_word' id='word_1_241' title='bbox 910 3272 996 3347; x_wconf 85' lang='lat' dir='ltr'><strong>ipsa,</strong></span> <span class='ocrx_word' id='word_1_242' title='bbox 1008 3273 1093 3334; x_wconf 80' lang='lat' dir='ltr'><strong>bibit</strong></span> 
     </span>
     <span class='ocr_line' id='line_1_38' title="bbox 276 3353 993 3430; baseline 0.006 -17"><span class='ocrx_word' id='word_1_243' title='bbox 276 3353 422 3417; x_wconf 74' lang='lat' dir='ltr'><strong>‘Hostiles</strong></span> <span class='ocrx_word' id='word_1_244' title='bbox 434 3357 552 3430; x_wconf 76' lang='lat' dir='ltr'><strong>linguas</strong></span> <span class='ocrx_word' id='word_1_245' title='bbox 567 3355 754 3430; x_wconf 76' lang='lat' dir='ltr'><strong>inimicaque</strong></span> <span class='ocrx_word' id='word_1_246' title='bbox 760 3354 914 3415; x_wconf 80' lang='lat' dir='ltr'><strong>vinximus</strong></span> <span class='ocrx_word' id='word_1_247' title='bbox 928 3360 993 3423; x_wconf 84' lang='lat' dir='ltr'><strong>ora’</strong></span> 
     </span>
    </p>
   </div>
   <div class='ocr_carea' id='block_1_3' title="bbox 317 3436 928 3513">
    <p class='ocr_par' dir='ltr' id='par_1_3' title="bbox 317 3436 928 3513">
     <span class='ocr_line' id='line_1_39' title="bbox 317 3436 928 3513; baseline 0.002 -16"><span class='ocrx_word' id='word_1_248' title='bbox 317 3436 396 3500; x_wconf 89' lang='lat' dir='ltr'><strong>Dicit</strong></span> <span class='ocrx_word' id='word_1_249' title='bbox 410 3439 587 3513; x_wconf 84' lang='lat' dir='ltr'><strong>discedens,</strong></span> <span class='ocrx_word' id='word_1_250' title='bbox 601 3436 823 3513; x_wconf 67' lang='lat' dir='ltr'><strong>conoque‘exit</strong></span> <span class='ocrx_word' id='word_1_251' title='bbox 833 3452 928 3500; x_wconf 83' lang='lat' dir='ltr'><strong>anus.</strong></span> 
     </span>
    </p>
   </div>
   <div class='ocr_carea' id='block_1_4' title="bbox 0 0 1306 3816">
    <p class='ocr_par' dir='ltr' id='par_1_4' title="bbox 0 0 1306 3816">
     <span class='ocr_line' id='line_1_40' title="bbox 0 0 1306 3816; baseline 0 0"><span class='ocrx_word' id='word_1_252' title='bbox 0 0 1306 3816; x_wconf 95' lang='lat' dir='ltr'><strong> </strong></span> 
     </span>
    </p>
   </div>
  </div>
 </body>
</html>
