2598 3812
515 249 556 323 11,
576 246 613 320 o,
634 244 754 325 aa-r,
774 244 826 313 57.
1006 230 1037 349 J
1111 213 1177 320 aa

203 411 240 465 20
294 401 460 476 Verbaque
469 396 621 461 Fortunae
634 401 687 459 vix
697 406 771 476 puto
786 416 881 476 posse
895 401 970 464 dari.

254 483 310 544 Est
323 480 365 544 illi
380 499 471 544 curae
485 492 534 542 me
548 484 686 558 perdere.
717 499 857 559 quaeque
872 487 990 546 solebat

294 567 373 627 Esse
388 567 480 640 levis,
496 573 641 627 constans
656 572 686 625 et
699 565 777 625 bene
791 575 873 628 certa
883 577 986 630 nocet.

254 650 352 710 Crede
366 649 453 723 mihi,
470 649 496 709 si
511 665 579 709 sum
594 649 657 708 veri
671 649 723 715 tibi
738 651 875 724 cognitus
892 651 967 729 oris

294 732 338 792 Ne
352 749 496 793 numeros
511 732 623 792 nostds
638 732 760 795 casibus
775 741 958 809 esseputes,

204 821 240 872 25
254 816 421 895 Cinyphiae
435 815 548 890 segetis
563 815 651 874 citius
665 817 838 876 numerabis
853 819 974 892 aristen·

293 900 425 974 Altaque
440 914 530 975 quam
545 898 646 958 multis
660 897 769 959 floreat
781 900 882 977 Hybla
895 901 1023 979 thymist

254 981 292 1042 Et
305 989 379 1057 quot
393 997 468 1042 oves
483 982 572 1053 motis
586 980 717 1041 nitentur
731 983 761 1041 in
777 986 848 1043 a‘e're
864 986 982 1060 pennis,

298 1066 436 1139 Quotque
449 1070 553 1125 natent
567 1065 670 1140 pisces
683 1080 832 1139 aequore,
848 1064 949 1128 certus
963 1069 1033 1144 eris,

255 1148 349 1223 Quam
364 1149 417 1209 tibi
432 1155 604 1209 nostrorum
619 1154 766 1208 statuatur
779 1165 896 1210 summa
908 1151 1055 1229 laborum,

196 1242 241 1297 ,30
295 1232 377 1305 Quos
392 1246 449 1307 ogo
465 1237 641 1314 sumterra,
657 1247 736 1305 quos
752 1246 809 1305 ego
825 1249 937 1307 passus
952 1251 1042 1312 aqua

254 1314 341 1373 Nulla
355 1316 438 1375 Getis
452 1323 516 1375 toto
531 1330 606 1389 gens
622 1322 669 1378 est
686 1316 883 1377 truculentior
896 1316 985 1378 orbe:

297 1397 363 1466 Sed¹
373 1405 473 1458 tamen
485 1399 519 1457 bi
533 1397 647 1458 nostris
661 1398 836 1473 ingemuere
851 1401 949 1460 malis.

254 1480 337 1555 Quae
350 1481 402 1541 tibi
417 1482 443 1542 si
461 1481 586 1541 memori
601 1497 694 1541 coner
707 1482 896 1556 perscribere
911 1499 1011 1560 versu,

292 1565 362 1625 Ilias
378 1572 425 1624 est
438 1566 490 1624 lati
504 1565 596 1639 longa
610 1565 707 1623 lutura
720 1564 789 1625 mei.

79 1680 84 1691 ·
201 1653 236 1707 35
251 1646 317 1707 Non
332 1647 422 1723 igitur
434 1663 559 1721 vereor,
576 1646 648 1723 qula
661 1654 690 1706 te
705 1661 773 1706 rear
787 1662 857 1706 esse
872 1644 1049 1725 verendum,

294 1731 386 1792 Cuius
400 1746 486 1790 amor
498 1729 588 1790 nobis
601 1731 730 1805 pignora
743 1730 824 1788 nrille
838 1729 936 1790 dedita

253 1813 315 1874 Sed
330 1814 401 1888 quia
414 1830 465 1874 res
478 1814 583 1873 timida
596 1821 643 1873 est
657 1813 755 1872 omnis
769 1813 875 1886 miser,
891 1820 922 1873 et
933 1813 1005 1888 quia
1018 1814 1110 1891 longo
1126 1823 1173 1876 est

292 1898 441 1973 Tempore
455 1897 585 1957 laetitiae
599 1897 689 1956 ianua
704 1897 807 1967 clausa
820 1910 916 1956 meae.

246 1979 314 2051 <lam
328 1980 417 2040 dolor
431 1981 461 2040 in
475 1996 591 2040 morem
603 1980 688 2039 venit
700 1995 796 2040 meus.
824 1986 918 2054 utque
933 1979 1058 2055 caducis

201 2065 238 2120 40
291 2063 444 2124 Percussa
458 2065 565 2123 crebro
579 2078 656 2122 saxa
670 2071 817 2139 cavantur
830 2063 927 2138 aquis,

251 2145 302 2207 Sic
317 2161 374 2221 ego
390 2147 533 2207 continuo
548 2148 686 2207 louunae
698 2147 842 2206 vulneror
855 2145 924 2219 ictu,

291 2230 413 2303 Vixque
427 2229 518 2290 habet
533 2229 665 2290 innubis
681 2229 741 2289 iam
753 2245 833 2289 nova
846 2229 937 2304 plaga
950 2230 1061 2291 locum.

249 2312 312 2372 Nec
326 2313 422 2386 magis
437 2314 562 2372 assiduo
575 2327 682 2372 vomer
694 2320 832 2373 tenuatur
843 2312 883 2372 ab
897 2329 966 2388 usu,

216 2449 219 2454 .
288 2396 350 2455 Nec
363 2395 460 2469 magis
475 2401 523 2455 est
535 2395 638 2455 curvis
651 2396 754 2470 Appia
768 2398 836 2455 trita
848 2396 933 2470 rotis,

199 2484 234 2540 45
246 2478 372 2539 Pectora
387 2494 477 2552 quam
492 2493 560 2537 mea
574 2484 645 2539 sunt
658 2480 740 2538 serie
753 2485 876 2538 caecata
890 2479 1046 2539 malorum.

287 2562 325 2621 Et
339 2561 412 2620 nihil
426 2562 543 2634 inveni,
560 2562 645 2637 quod
658 2562 731 2621 mihi
744 2563 836 2622 ferret
850 2577 951 2636 opem.

248 2646 372 2705 Artibus
387 2645 530 2721 ingenuis
542 2644 680 2720 quaesita
693 2651 740 2704 est
753 2645 851 2719 gloria
862 2643 978 2703 multisa

289 2728 397 2788 lnlclix
411 2728 488 2802 perii
504 2727 626 2789 dotibus
641 2727 708 2804 ipse
722 2729 808 2787 meis.
881 2716 890 2735 '

246 2811 317 2873 Vita
332 2812 416 2886 prior
428 2811 501 2887 yitio
517 2816 599 2871 caret
613 2817 643 2870 et
658 2811 723 2870 sine
736 2810 805 2868 labe
819 2812 956 2884 peractas

197 2909 233 2964 50
283 2894 396 2954 Auxilii
410 2895 522 2955 misero
536 2894 578 2953 nil
592 2894 658 2953 tulit
672 2893 723 2952 illa
739 2891 821 2950 nrihi.

248 2977 342 3053 Culpa
355 2980 457 3053 gravis
471 2977 614 3053 precibus
629 2978 759 3037 donatur
771 2989 868 3049 saepe
880 2989 1019 3037 suoruma

288 3060 392 3122 Omnis
407 3077 463 3136 pro
478 3060 567 3120 nobis
582 3058 679 3134 gratia
692 3064 775 3118 mutu
788 3058 851 3119 luit.

245 3144 379 3205 Adiuvat
392 3145 422 3204 in
437 3145 521 3205 duris
536 3144 638 3217 aliqua
650 3144 822 3216 praesentia
834 3140 944 3202 rebusz

285 3226 390 3287 Obruit
403 3228 464 3288 hoc
477 3227 590 3287 absens
605 3232 692 3285 vasta
705 3227 841 3301 procella
856 3229 955 3299 eaput

195 3321 229 3373 55
245 3310 318 3383 Quis
334 3326 395 3370 uon
412 3310 563 3373 horruerit
578 3310 699 3371 tacitam
718 3325 841 3385 quoque
857 3304 996 3367 Caesaris
1015 3304 1111 3367 uem?

285 3394 400 3453 Addita
413 3403 484 3456 aunt
501 3394 609 3470 poenis
627 3408 738 3468 aspera
752 3393 849 3454 verba
863 3391 949 3457 meis.

244 3475 291 3537 Fit
307 3476 379 3550 tuga
394 3478 581 3553 temporibus
598 3477 705 3540 levior.
737 3476 892 3555 proiectus
906 3473 936 3533 in
943 3488 1068 3595 *aequor
