2598 3812
477 213 520 289 11,
541 212 578 290 5,
600 212 720 289 to-o,
741 210 793 277 22.
1081 213 1141 285 14⁵

259 365 448 445 ingenioque
458 365 561 439 bees,
576 363 751 440 ingeniose,
765 379 845 427 mco.

171 462 206 520 65
220 453 319 515 Distat
332 467 411 527 opus
426 458 579 523 nostrum,
593 449 650 509 sed
665 447 799 513 fontibus
816 447 880 509 exit
892 446 930 509 ab
944 448 1057 513 isdema

263 535 346 595 Artis
361 541 391 594 ct
402 535 554 608 mgeuuae
568 534 665 595 eutwr
678 539 807 607 uterque
821 547 939 595 sumus.

164 656 208 667 -
221 620 358 697 Thyrsus
374 618 454 677 onim
467 615 573 690 vobis,
587 623 706 690 gustatu
719 623 767 675 cst
780 617 883 677 taurea
896 614 1002 677 nobiae
1124 666 1126 675 ,

79 696 94 717 ²
164 738 208 750 -
263 702 326 762 Sed
340 707 440 760 umen
454 699 603 759 ambobus
618 699 711 763 debet
727 699 831 760 inesse
845 699 939 763 calor.

222 788 321 861 thue
335 783 411 843 meis
425 781 558 844 numeris
572 788 624 842 tao
637 781 845 845 datiacundia
858 797 979 855 neruos,

174 881 209 941 70
252 868 313 928 'Sic
326 866 410 926 venit
424 883 442 926 e
457 865 546 926 uobis
560 865 593 924 in
606 872 657 925 tua
672 865 765 927 verba
776 867 866 926 nitor.

188 1012 192 1018 ,
223 954 290 1013 lure
305 951 394 1026 igitur
408 950 508 1010 studio
520 948 653 1009 confinia
665 949 799 1009 cernuae
811 956 916 1013 vestro

209 1051 215 1059 ’
256 1034 297 1096 Iit
310 1033 475 1093 commilitii
485 1048 576 1093 saera
589 1031 702 1093 tuende
716 1039 816 1106 putas.

221 1118 279 1178 Pro
295 1117 406 1193 quibus
421 1122 454 1177 ut
467 1122 603 1190 maneat,
616 1115 732 1190 dequo
746 1115 898 1189 causeris,
914 1116 1040 1191 amiotus,

263 1202 447 1275 Compreeor
460 1200 501 1260 ud
515 1199 595 1260 vitae
607 1205 969 1274 temporasumma'tuae,
1017 1206 1020 1217 ¹
1052 1211 1055 1217 ·

173 1291 207 1346 75
222 1285 434 1358 succedatque
447 1283 506 1344 tuis
520 1283 606 1355 orbis
620 1282 795 1343 moderator
806 1282 951 1355 habenisa

262 1366 350 1442 Quod
363 1382 481 1429 mecum
494 1368 601 1444 popuii
616 1373 687 1427 vota
700 1374 863 1442 matur
874 1366 964 1427 idem.

541 1498 746 1519 W

22 1537 29 1547 ’
89 1570 92 1574 ’
169 1548 210 1642 b·
261 1584 508 1672 oaaucruo.

225 1666 370 1762 Carmine
385 1701 579 1774 Graecinum,
596 1700 649 1778 qui
662 1716 810 1779 praesens
825 1716 903 1762 voce
915 1703 1043 1777 solebat,

259 1785 365 1847 Tristis
380 1785 418 1845 ab
432 1786 561 1846 Euxinis
571 1746 656 1846 Naso
671 1786 783 1847 salutet
796 1784 894 1860 aquis.
940 1783 947 1789 ’

222 1869 328 1929 Exulis
342 1869 419 1930 haee
433 1887 496 1931 vox
510 1877 567 1930 cst
594 1868 721 1945 praebet
734 1869 806 1929 mihi
820 1869 918 1929 littera
930 1869 1074 1945 linguam,

258 1951 335 2012 Et
310 1969 337 2012 s1
350 1968 413 2013 nou
427 1952 517 2014 liceat
530 1953 679 2031 scribae,
693 1959 793 2013 mutus
807 1968 870 2012 ero.

196 2046 213 2097 5
228 2036 375 2112 Corripis,
389 2043 423 2096 ut
437 2036 549 2111 debes
563 2022 646 2098 statui
659 2043 785 2112 peccata
799 2036 925 2110 sodalis,

264 2119 302 2179 Et
313 2120 395 2180 mala
407 2136 458 2180 me
469 2120 586 2181 meritis
599 2121 678 2181 forro
692 2121 809 2180 minora
822 2080 929 2182 doces:

225 2204 306 2263 Vera
319 2204 411 2276 iacis,
427 2204 484 2264 sed
496 2219 582 2277 scra,
598 2218 686 2265 meae
700 2204 840 2265 convicia
858 2205 978 2281 culpae.

239 2330 244 2338 .
262 2289 383 2364 Aspera
397 2288 541 2348 confesso
555 2287 651 2347 verbe
663 2288 780 2350 remitte
792 2302 857 2349 reo.

102 2373 108 2386 “
224 2370 296 2430 Cum
309 2376 446 2446 poteram
455 2378 543 2431 reato
555 2371 684 2433 transm
698 2371 845 2432 Quanta
856 2371 937 2446 velo,

176 2457 211 2511 ιο
263 2455 303 2516 Ut
316 2455 381 2514 iera
393 2455 519 2514 vitarem
532 2470 624 2528 seua,
638 2455 809 2516 monendus
824 2470 916 2517 uam.

224 2537 396 2601 Nunomihi
409 2537 567 2613 naufragio
581 2538 658 2613 quid
669 2539 798 2614 prodest
811 2538 931 2598 discere
944 2537 1034 2606 iacto,

125 2616 128 2629 '
266 2620 333 2694 Qua
344 2636 413 2681 meu
427 2620 565 2681 dduerit
577 2634 699 2687 currere
712 2621 821 2684 cumba
835 2621 906 2679 dat

224 2703 353 2764 Brachia
371 2705 412 2764 da
424 2705 510 2766 lasso
523 2706 626 2780 potius
639 2701 959 2781 praedestinatiana:

264 2787 325 2848 Nec
339 2788 442 2864 pigeat
454 2790 554 2848 mento
570 2789 775 2864 supposuisse
788 2800 920 2846 manum.

70 2864 74 2871 ’
175 2878 208 2932 15
222 2869 319 2945 idque
333 2872 418 2933 iacis.
453 2871 610 2946 taedasque
624 2886 745 2946 precor.
771 2869 817 2929 sic
830 2873 969 2929 meteret
980 2884 1068 2941 uuor,

214 2988 221 2997 =
265 2953 316 3014 Sic
330 2952 384 3016 tibi
398 2955 461 3016 sint
471 2955 579 3015 trabes
592 2954 821 3030 totaque'sulvu
835 2953 960 3013 domata

225 3036 374 3113 Quodque
387 3040 471 3100 soles
485 3039 586 3097 auimo
600 3053 736 3113 sempor,
752 3036 836 3113 quod
848 3051 928 3097 voco
941 3032 1068 3112 precari,

265 3120 372 3182 Omnia
388 3121 569 3184 Caesaribus
583 3121 628 3180 sic
640 3129 694 3181 ura
705 3122 786 3181 iaetu
800 3120 923 3196 probes.

223 3204 323 3279 'turpe
337 3205 394 3266 erit
406 3207 439 3266 iu
450 3205 571 3266 miserie
583 3205 678 3266 aeteri
690 3204 743 3264 tibi
757 3205 851 3275 rebus
865 3203 963 3264 umbo

175 3289 211 3342 ab
262 3287 416 3349 Auxilium
429 3290 512 3350 nuile
525 3289 729 3364 pertetariae
742 3296 840 3359 tuumr

223 3368 322 3446 Turpe
335 3372 453 3432 referre
464 3374 591 3447 pedem,
608 3389 666 3433 neo
679 3386 776 3448 passu
790 3379 876 3432 sure
889 3367 1003 3430 abaci:

259 3454 363 3531 Turpe
374 3454 561 3518 laborantem
574 3456 750 3523 desum
765 3462 875 3517 rutena

59 3573 61 3577 -
183 3544 264 3596 otro.
282 3537 334 3598 111.
900 3543 934 3599 lu
