2598 3812
482 162 582 281 aa,
605 198 757 269 ss-uz
1062 202 1123 274 121

201 359 215 417 l
229 371 309 418 nune
324 363 355 417 et
369 362 503 417 veterum
516 355 606 417 nobis
620 358 762 431 exempla
776 357 919 433 virorum,

245 440 300 515 Qui
316 441 386 500 lorti
403 456 509 500 casum
523 447 623 500 mente
638 440 747 513 tulere,
761 443 858 507 refers

201 525 240 585 Et
253 538 347 600 grove
361 523 652 598 magnanimitatem
666 523 778 583 mirare
789 525 882 586 Rutili

140 618 147 623 “
228 608 308 667 ‘Non
322 607 371 667 usi
385 607 500 667 reditus
515 607 696 667 eondieione
711 607 782 667 doti.

150 690 444 769 &Smyrnaeis-um
456 688 567 763 tonuit,
584 707 647 753 non
661 690 773 751 Pontus
786 697 819 751 el
831 689 948 752 hostias
961 694 1061 768 tellus,

240 774 341 834 Paene
352 773 454 835 minus
468 776 552 834 nullo
566 773 698 850 Smyrna
711 774 844 849 petenda
857 776 935 835 loeo.

199 858 267 918 Non
281 856 378 918 doluit
389 858 487 932 patria
501 858 634 934 Cynicus
647 859 754 932 procul
768 872 840 918 esse
854 857 1021 936 Sinopeum

240 941 327 1015 Legit
338 940 417 1000 enim
431 941 540 1014 sedes,
555 941 656 1001 Attice
668 949 763 1014 terra,
775 947 858 1002 tuas

198 1025 296 1095 Asina
308 1023 471 1084 Neoclides
486 1025 538 1099 qul
554 1024 678 1084 Persica
687 1025 826 1084 eontudlt
839 1025 941 1101 ermis,

75 1126 80 1135 “
151 1116 189 1175 to
241 1108 388 1183 Argolica
400 1108 528 1182 primam
541 1108 639 1171 sensit
652 1109 683 1168 ln
697 1106 772 1167 orbe
786 1107 900 1182 fugem.

200 1190 311 1253 Pulsus
325 1191 477 1253 Aristides
491 1192 589 1266 patria
602 1191 835 1252 Lacedaemona
849 1193 932 1268 fugit,

241 1274 322 1335 Inter
337 1290 415 1350 quas
429 1274 569 1350 dubium,
588 1291 668 1352 qnae
682 1274 766 1348 prim
780 1282 878 1348 esset,
898 1284 974 1339 enat

202 1358 306 1419 caede
317 1373 394 1433 puer
407 1359 489 1418 laeta
501 1359 658 1421 Patroclus
675 1357 797 1433 Opunta
809 1359 961 1434 relinquit,

219 1448 221 1450 ’
243 1441 514 1516 Thessalicamque
527 1443 601 1502 adiit
615 1443 731 1515 hospes
743 1440 873 1502 Achillis
887 1442 1024 1505 humum.

68 1549 77 1571 ·
150 1527 186 1586 ts
198 1523 277 1585 Exul
290 1524 329 1585 ab
340 1525 513 1586 Haemonia
529 1524 669 1586 Pirenida
683 1524 778 1584 eesslt
791 1526 831 1584 ad
842 1526 966 1600 undam,

243 1607 308 1683 Quo
323 1607 499 1668 duee'trabs
511 1608 624 1669 Coleha
637 1623 726 1668 saona
740 1609 874 1669 desumit
883 1624 974 1684 aqua

200 1691 303 1767 Liquit
318 1691 511 1766 Qeoondes
525 1692 654 1752 Sidonia
667 1686 789 1751 moenia
803 1686 947 1767 Cadmus,

241 1771 818 1841 Poneretutmuro'sinmelloreleoo:
1059 1783 1064 1794 '

200 1859 292 1920 Venit
305 1859 345 1918 ad
358 1859 524 1919 Adrastum
536 1860 660 1935 Tydeus
672 1857 829 1938 Calydone
841 1857 974 1932 togatus,
1072 1902 1076 1912 1

150 1943 187 1999 80
239 1941 436 2003 EtTeusrom
449 1944 562 2003 Veneri
574 1940 790 2018 gnsla'reoeplt
802 1941 923 2003 humus.
1116 1950 1118 1961 ¹

202 2025 282 2100 Quid
293 2025 424 2086 seierum
437 2033 558 2087 veteres
571 2024 728 2089 Romanae
742 2026 855 2101 gentis,
869 2025 953 2102 apud
967 2041 1047 2103 quos

239 2107 386 2169 Exulibus
401 2110 490 2170 tellus
503 2111 607 2172 munla
620 2110 714 2170 Tibur
724 2116 812 2175 enati

61 2193 83 2219 ‘
201 2190 373 2266 Persequar
384 2199 420 2253 ut
431 2201 574 2269 conatos,
590 2194 663 2254 nulli
678 2194 768 2257 datus
782 2192 923 2255 omnihus
937 2185 1025 2255 sevis

227 2276 314 2336 'Tam
328 2276 437 2352 procul
451 2291 471 2335 a
484 2278 582 2351 patria
595 2285 646 2338 est
656 2275 849 2338 horridiorve
863 2278 962 2338 loeus

151 2369 186 2426 35
201 2357 266 2434 Quo
280 2356 377 2433 magis
392 2358 532 2434 ignoscat
545 2361 696 2437 sapientia
709 2368 812 2422 vastos
826 2360 950 2437 dolenti,
991 2388 994 2395 ·

243 2442 301 2517 Qui
315 2442 386 2503 lacit
399 2457 439 2502 ex
459 2443 548 2504 dietis
562 2461 624 2505 non
639 2445 681 2509 its
692 2446 786 2505 multa
801 2445 887 2504 satis.

199 2525 262 2586 Neo
275 2532 376 2586 tannen
391 2525 516 2602 infitior,
533 2528 560 2588 si
574 2529 696 2603 possint
709 2534 814 2588 nostra
825 2528 910 2587 eolre

240 2609 391 2683 Vulnera,
406 2611 579 2687 praeseptis
594 2626 690 2687 posse
706 2611 791 2672 coire
803 2611 874 2670 tuis.

74 2698 77 2709 ’
201 2690 263 2752 Sed
278 2708 403 2766 vereor,
417 2708 457 2758 ne
470 2696 646 2757 mellustna
659 2709 786 2756 servare
797 2692 931 2765 labores,

149 2782 186 2838 90
238 2775 303 2857 lieu
317 2775 405 2838 iuven
417 2776 541 2838 admota
555 2780 692 2855 penditus
707 2792 799 2850 aeger
811 2790 882 2850 ope.

116 2876 121 2887 ·
199 2857 495 2936 hestaudesham,
512 2862 586 2936 qula
599 2863 638 2925 sit
650 2854 924 2935 maior‘pmdentla
937 2858 1036 2935 nobis,
1126 2884 1129 2890 ·

241 2941 304 3003 Sed
318 2944 376 3004 sim
391 2956 483 3019 quam
496 2947 616 3006 medico
630 2944 731 3005 notior
744 2942 813 3017 ipse
826 2942 909 3005 mihi.

187 3024 239 3099 ,th
252 3031 354 3089 tamen
366 3026 428 3086 lsoe
441 3026 484 3086 ito
496 3027 550 3101 sit,
565 3042 676 3089 munus
691 3033 744 3087 tua
756 3023 874 3101 grande
889 3027 1031 3088 voluntas

236 3109 287 3169 Ad
300 3125 350 3171 me
362 3110 516 3187 pervenit,
531 3111 763 3186 oonsulitunque
775 3109 858 3174 honi.
987 3183 989 3187 .
1006 3137 1009 3143 v
