2586 3820
509 260 567 335 iil,
588 258 784 336 sesama,
1075 259 1146 330 aal'

260 411 376 472 Auctus
394 420 473 486 erat,
490 413 621 490 populos
634 414 862 492 miscueratque
875 415 981 478 daos-v
1002 460 1004 467 1

133 512 141 523 ‘
219 493 322 559 Litore
335 495 429 556 dotali
443 496 511 556 solo
522 496 687 557 comitatus
702 498 819 559 Achata

152 652 159 665 N
262 578 419 639 Secretum
431 580 513 640 nudo
529 580 694 656 dumpeda
709 582 882 658 carpititer,

155 667 207 726 ⁶05
219 662 340 737 Aspicit
353 670 516 738 errantem,
531 679 588 723 nec
604 665 730 724 credere
745 667 871 726 sustinet
884 668 1014 727 Annam.

259 746 348 807 Esse.
376 746 495 820 quid'ia
508 747 612 819 Latios
626 749 677 807 illa
690 749 807 808 veniet
821 752 935 823 agros‘t
1004 794 1008 801 .

218 830 295 891 Dum
310 834 414 890 secu'm
428 829 566 904 Aeneas,
584 832 686 890 ‘Anna
701 834 774 893 cstl’
790 834 939 893 exclamat
952 833 1095 895 Achates.

259 913 310 973 Ad
324 918 434 973 nornen
450 913 552 974 voltus
570 915 694 974 sustulit·
704 916 855 978 illasuos
873 974 880 989 ,
928 917 931 921 ’
980 922 992 947 ·'

219 995 415 1072 Quo‘lngiati
440 996 515 1071 quid
529 1004 631 1072 ageli,
648 1000 839 1072 questoriae
855 1006 980 1074 quaerat
991 999 1113 1060 hiatus?

154 1091 211 1149 610
265 1081 344 1140 Ante
359 1079 464 1141 oculos
479 1080 609 1140 miserae
623 1081 684 1140 iata
698 1084 813 1143 sorotis
828 1085 929 1143 erant'

180 1176 183 1183 ’
219 1164 334 1237 Sensit,
353 1171 383 1224 et
397 1164 572 1240 adloquitur
584 1164 733 1240 trepidam
747 1165 925 1244 Cythereius
940 1165 1051 1227 inrisa

244 1246 324 1308 'Flet
336 1255 437 1307 moran
452 1248 606 1309 admonitu
621 1251 737 1322 motus3
749 1248 865 1324 Elissa,
882 1251 935 1311 tui.
1091 1256 1095 1261 “

218 1334 334 1404 ‘Anna,
350 1336 406 1407 per
418 1330 498 1392 hanc
510 1332 592 1406 iuro,
615 1348 706 1405 quam
727 1333 880 1406 quondam
894 1332 1001 1394 audire
1015 1333 1137 1396 solebas

259 1414 408 1474 Tellurem
422 1415 483 1475 lato
499 1415 695 1491 prosperiore
709 1414 784 1488 dari,
821 1442 824 1449 ,

155 1505 208 1562 615
221 1496 339 1570 Parque
355 1497 432 1559 deos
446 1500 588 1573 comites,
603 1498 662 1558 hac
676 1498 864 1574 nuper-sede
877 1499 1005 1574 locatos,

260 1579 361 1657 Saepe
375 1597 460 1642 meas
474 1581 542 1642 illos
555 1582 747 1658 increpuisse
761 1597 873 1641 moras.

218 1663 279 1724 Nec
294 1664 379 1724 timui
393 1664 435 1737 de
445 1668 541 1724 morte
554 1672 665 1725 tamen.
692 1673 790 1725 metus
807 1666 882 1725 aluit
895 1665 964 1726 iste.

259 1747 294 1807 Ei
309 1748 397 1808 niihil
428 1748 564 1809 credibili
577 1749 685 1809 fortior
698 1749 749 1809 illa
765 1749 829 1808 luit.

219 1830 264 1891 ile
276 1833 365 1892 refer.
394 1833 503 1908 aspexi
518 1847 579 1892 non
594 1832 645 1893 illo
661 1840 788 1908 pectore.
800 1831 890 1908 digna

157 1920 210 1976 620
263 1915 414 1989 Volnera,
427 1916 586 1977 Tartareas
601 1932 695 1976 ausus
711 1916 795 1976 adire
809 1916 930 1976 domos.

219 2000 260 2059 At
271 2005 317 2074 tu,
332 2014 388 2060 seu
400 1999 478 2059 ratio
492 2007 523 2059 ta
537 2000 651 2060 nostris
666 2000 782 2075 appulit
796 2000 868 2071 oris,

263 2081 336 2142 Sive
351 2082 444 2161 deris,
458 2083 543 2158 regni
558 2084 720 2144 commoda
736 2098 827 2157 carpe
841 2079 922 2143 mei..

220 2165 315 2225 Multa
330 2164 384 2224 tibi
397 2172 563 2242 memoras,
580 2167 622 2226 nil
635 2183 698 2227 non
714 2165 859 2226 debemus
873 2164 1002 2225 Elissae.

262 2247 390 2308 Nomine
403 2255 488 2323 grata
501 2257 570 2322 tuo,
586 2258 672 2325 grata
686 2250 817 2323 sororis,
832 2249 916 2309 eris?

156 2334 208 2391 625
221 2331 304 2391 Talia
318 2331 458 2391 dicentia..
473 2348 573 2408 neque
587 2333 755 2408 enimspes
767 2334 863 2393 altera
877 2338 1000 2393 restat...

263 2414 397 2475 Credidit
404 2419 417 2487 ,'
428 2430 549 2475 errores
564 2417 767 2491 exposuitque
782 2433 866 2477 sona.

220 2499 321 2574 thue
336 2496 457 2557 domum
472 2499 593 2559 intravit
605 2499 714 2576 Tyrios
728 2499 833 2560 induta
847 2505 985 2573 paratus,

262 2581 371 2656 Incipit
383 2582 537 2642 deneas...
554 2589 655 2643 cetera
671 2583 761 2643 turba
775 2584 873 2642 silet...

106 2672 108 2675 ’
221 2667 319 2726 ‘Hanc
332 2663 386 2723 tibi
400 2681 454 2724 cur
467 2665 598 2740 tradam,
613 2668 664 2742 pia
679 2682 788 2738 causa,
802 2662 929 2723 Lavinia
942 2661 1083 2735 coniunx,

157 2752 210 2810 630
262 2746 412 2809 Estmihi.
442 2749 618 2823 consumpsi
634 2744 906 2822 naufragus'huius
922 2760 1009 2820 opes.

223 2831 293 2892 Oria
305 2830 387 2908 Tyro
402 2836 464 2905 est,
479 2844 605 2905 regnum
618 2832 735 2909 Libyca
751 2827 891 2904 possedit
904 2827 936 2887 in
952 2843 1021 2889 ara:

173 2982 178 2985 ,
263 2915 358 2989 Quam
372 2920 482 2990 precor
495 2921 528 2973 ut
542 2929 630 2974 carae
646 2929 730 2974 more
745 2911 862 2972 sororis
874 2915 982 2979 ornes!

224 2996 328 3058 Omnia
342 2997 498 3073 promittit,
515 2997 685 3071 falsumque
699 2993 824 3055 Lavinia
838 2995 949 3056 volnus

262 3078 363 3141 Mento
377 3079 485 3157 premit
498 3080 604 3152 tacita,
620 3079 852 3155 dissimulatque
866 3079 1009 3137 fremens.

159 3172 210 3229 635
223 3162 371 3238 Donaque
383 3163 570 3225 cumvidcat
584 3170 703 3237 praeter
721 3178 778 3222 sua
789 3161 904 3223 lumina
917 3160 990 3221 lerrl

263 3244 488 3322 illultapalam,¹
498 3245 573 3306 mitti
587 3246 668 3305 olma
687 3252 810 3322 quoque
825 3245 918 3305 malta
933 3247 1027 3318 palat.

220 3327 287 3389 Non
302 3326 394 3389 habet
407 3338 561 3404 exactum,
581 3329 654 3404 quid
668 3335 747 3404 agat
776 3328 921 3389 furialiter
935 3325 1009 3401 odit,

193 3459 197 3467 .
221 3448 224 3461 .
250 3411 302 3472 ‘lit
312 3420 403 3486 porat
415 3414 558 3489 insidias,
574 3421 604 3474 ot
622 3414 704 3489 cupit
719 3413 780 3473 ulta
794 3410 881 3471 mori.
1040 3438 1041 3441 ¹

220 3495 376 3558 Nauem
401 3502 473 3557 atita
489 3497 669 3575 tarpmnisa
681 3504 730 3559 est
744 3495 867 3556 adstare
880 3491 996 3557 sororis
