2602 3816
151 214 213 280 ms
489 162 494 175 ¹
523 213 604 275 xnn
623 212 769 277 rouro

268 369 340 429 Tem
353 367 440 427 miles
455 366 563 428 Graios
576 366 689 427 indicat
704 368 777 426 esse'
788 365 884 426 viros.

231 454 311 514 Gens
326 467 394 511 meu
406 450 519 524 Peligni
533 449 681 524 regioque
695 448 863 510 domestice
877 448 983 510 Sulmo

188 547 223 600 50
270 535 335 596 Non
350 535 446 610 poluit
460 534 571 593 nostris
585 534 682 592 lenior
696 547 767 592 esse
781 533 876 592 malis

232 619 326 695 Quem
340 619 392 678 vix
406 617 548 677 ineolumi
562 617 703 692 cuiquam
718 615 866 690 salvoque
880 616 1002 687 daretis,

271 702 301 762 1s
318 703 407 762 datus
421 718 440 760 o
452 700 541 761 vobis
556 707 603 759 est
618 700 689 758 mihi
703 714 800 775 nuper
813 700 920 759 honor.

233 785 324 848 Solus
338 784 438 845 adhuc
452 799 509 858 ego
525 799 592 843 sum
609 783 720 843 veslris
735 783 864 843 inmunis
877 783 908 843 ln
923 783 994 856 oris,

271 866 425 943 Exceptis,
446 867 526 942 siqui
540 881 665 927 munera
678 865 754 941 legis
769 866 890 926 habene

135 972 137 978 ⁴
174 962 221 1017 -55
232 952 381 1035 Tempora
395 958 513 1010 sacratu
526 964 594 1009 mea
609 956 680 1009 sunt
693 950 791 1010 velata
806 964 927 1023 corona,

271 1035 413 1096 Publicus
425 1034 521 1094 invito
536 1048 627 1109 quam
640 1033 729 1092 lavor
741 1033 884 1108 inposuit.
943 1096 946 1105 ,

233 1118 327 1194 Quam
341 1125 427 1193 mala
440 1125 488 1178 est
501 1117 591 1192 igilur
602 1116 737 1176 Latonae
749 1116 836 1176 Delia
848 1117 948 1189 lellus,

272 1201 390 1262 Erranli
403 1208 498 1261 lulum
513 1215 594 1276 quae
607 1199 690 1259 dedit
703 1214 764 1259 une
777 1199 886 1274 locum,

233 1287 305 1346 Tam
319 1284 390 1345 mihi
406 1300 478 1345 cara
491 1284 601 1344 Tomis.
634 1283 733 1359 paula
748 1298 828 1358 quae
842 1284 917 1343 sede
930 1282 1040 1358 iugalis

189 1375 224 1432 60
273 1368 405 1444 Tempus
421 1369 461 1429 ad
474 1365 636 1428 hoc'nobis
653 1367 774 1442 hospita
788 1367 851 1426 lida
863 1374 973 1426 manee

235 1451 271 1512 Di
285 1452 377 1511 modo
393 1452 545 1520 lecissenu
569 1449 709 1525 placidae
723 1466 809 1525 spem
823 1457 931 1525 posset
944 1448 1056 1511 habere

274 1533 370 1610 Pacis,
389 1543 419 1595 el
433 1534 566 1610 egelido
582 1535 702 1609 longius
716 1548 775 1594 axe
790 1536 877 1594 soret.

156 1717 222 1816 ll.
277 1749 655 1814 snxroronrnro.

137 1840 147 1861 ¹
180 1889 185 1901 ·
235 1829 343 1946 Siquis
358 1868 457 1929 adhuc
470 1884 601 1943 usquam
613 1869 711 1929 nostri
724 1883 785 1928 non
800 1868 946 1927 inmemor
959 1871 1049 1939 excel,

278 1953 394 2028 Quidve
407 1954 559 2028 relegatus
572 1951 665 2025 Naso,
685 1952 819 2026 requirit,
840 1966 943 2026 agam:

237 2035 416 2097 Caesaribus
429 2032 530 2109 vllam,
549 2034 771 2096 Sexlodebere
785 2036 913 2095 salutern

276 2119 326 2179 Me
341 2119 427 2178 scial
458 2135 477 2178 u
491 2119 612 2194 superis
627 2119 676 2178 lrlc
689 2119 761 2178 milri
776 2120 891 2199 primus
907 2118 971 2178 erle

212 2203 388 2277 sTelnpora
402 2217 472 2261 nem
486 2203 616 2262 miserae
630 2203 815 2278 complemur
827 2208 860 2262 ul
873 2202 974 2263 omniu
987 2200 1075 2272 vilae,

277 2287 306 2344 A
320 2284 433 2345 merilis
447 2285 515 2345 eius
529 2301 601 2360 pars
616 2286 688 2345 milri
702 2287 784 2346 nulla
798 2292 894 2345 vacat

239 2367 322 2443 Quae
335 2383 461 2429 numero
475 2375 521 2430 tot
534 2374 613 2443 sunl,
636 2377 712 2443 quot
724 2371 755 2429 in
769 2370 857 2430 horto
872 2369 977 2429 ferlilis
989 2370 1054 2441 ervi
1175 2449 1178 2455 Ι

277 2450 391 2512 Punica
405 2451 464 2512 sub
477 2453 558 2512 lento
573 2453 687 2513 cortice
702 2469 796 2529 grana
809 2453 925 2527 rubent,

238 2534 343 2595 Africa
357 2542 432 2610 quot
446 2541 576 2610 segetes,
600 2543 673 2612 quot
686 2538 801 2597 Tmolia
814 2545 896 2596 terra
909 2550 1056 2608 racemos

195 2629 229 2681 ιο
280 2617 359 2693 Quot
372 2618 487 2695 Sicyon
501 2619 604 2690 bacas,
626 2627 701 2694 quot
714 2622 792 2695 parit
804 2619 905 2698 Hybla
918 2622 1016 2682 lovos.

235 2701 400 2763 Confiteor.
430 2700 542 2763 testere
557 2703 637 2763 licei.
670 2704 788 2779 signate
802 2704 946 2778 Quiritem
1126 2714 1137 2727 ⁸

246 2836 250 2847 .
278 2784 325 2844 Nil
339 2802 417 2861 opus
432 2793 480 2846 est
492 2787 594 2862 legum
602 2787 732 2863 uirilius,
753 2789 821 2864 ipse
835 2789 959 2862 loquor=
997 2802 1003 2813 ·

238 2867 318 2927 luler
332 2883 408 2943 opes
423 2877 522 2944 elme,
541 2887 607 2931 rem
620 2888 756 2947 parvam,
779 2887 860 2948 pone
874 2877 1030 2946 palernam

278 2949 351 3011 Pars
366 2966 422 3027 ego
438 2953 496 3011 sim
510 2969 621 3016 census
636 2957 909 3031 quantulacumque
922 2953 975 3013 tui.

196 3043 229 3094 15
240 3033 336 3109 Quam
348 3041 401 3094 tua
414 3034 566 3097 Trinacria
580 3046 636 3112 est,
657 3046 844 3114 regnataque
857 3043 938 3095 lerna
950 3035 1099 3112 Philippo,

279 3115 374 3191 Quam
389 3117 498 3178 domus
511 3121 651 3195 Augusto
666 3122 838 3181 continuam
850 3121 928 3193 loro,
954 3142 957 3149 ¹

239 3199 335 3274 Quem
347 3208 406 3272 lue,
428 3217 481 3261 rus
495 3204 592 3262 oculis
608 3203 730 3278 domini,
753 3203 931 3278 Componis,¹
942 3209 1067 3277 gratum,

281 3283 425 3360 Quaeque
440 3283 545 3343 relicta
557 3284 619 3360 libi,
641 3285 742 3358 Sexte,
763 3287 813 3344 vel
828 3292 930 3360 empta
944 3294 1047 3345 tenese

239 3364 311 3424 Tem
326 3371 395 3430 tuus
410 3381 520 3441 enego
536 3382 612 3441 sum,
633 3369 719 3428 cuius
733 3375 764 3427 le
776 3383 900 3428 munere
913 3369 991 3430 tristi

194 3453 230 3506 20
278 3447 345 3507 Non
361 3456 449 3523 poles
464 3449 494 3508 in
509 3448 604 3509 Ponto
617 3452 721 3511 dicere
735 3450 847 3510 habere
861 3452 944 3512 nlhil.

240 3528 342 3605 Atque
354 3531 468 3592 utinam
481 3533 594 3608 possis,
612 3539 645 3593 el
658 3533 746 3594 delur
758 3533 883 3595 amicius
898 3551 1012 3603 arvum,
