<?xml version="1.0" encoding="UTF-8"?>
<!DOCTYPE html PUBLIC "-//W3C//DTD XHTML 1.0 Transitional//EN"
    "http://www.w3.org/TR/xhtml1/DTD/xhtml1-transitional.dtd">
<html xmlns="http://www.w3.org/1999/xhtml" xml:lang="en" lang="en">
 <head>
  <title>
</title>
<meta http-equiv="Content-Type" content="text/html;charset=utf-8" />
  <meta name='ocr-system' content='tesseract 3.04.00' />
  <meta name='ocr-capabilities' content='ocr_page ocr_carea ocr_par ocr_line ocrx_word'/>
</head>
<body>
  <div class='ocr_page' id='page_1' title='image "./povidiusnaso00merkgoog_0100.png"; bbox 0 0 2598 3812; ppageno 0'>
   <div class='ocr_carea' id='block_1_1' title="bbox 481 223 755 303">
    <p class='ocr_par' dir='ltr' id='par_1_1' title="bbox 481 223 755 303">
     <span class='ocr_line' id='line_1_1' title="bbox 481 223 755 303; baseline -0.004 -17"><span class='ocrx_word' id='word_1_1' title='bbox 481 229 526 303; x_wconf 89' lang='lat' dir='ltr'><strong>V,·</strong></span> <span class='ocrx_word' id='word_1_2' title='bbox 540 224 569 302; x_wconf 84' lang='lat'><strong>5,</strong></span> <span class='ocrx_word' id='word_1_3' title='bbox 589 223 704 300; x_wconf 70' lang='lat' dir='ltr'><strong>le-l,</strong></span> <span class='ocrx_word' id='word_1_4' title='bbox 724 223 755 287; x_wconf 84' lang='lat'><strong>5.</strong></span> 
     </span>
    </p>
   </div>
   <div class='ocr_carea' id='block_1_2' title="bbox 145 377 949 538">
    <p class='ocr_par' dir='ltr' id='par_1_2' title="bbox 145 377 949 538">
     <span class='ocr_line' id='line_1_2' title="bbox 155 377 949 454; baseline -0.004 -12"><span class='ocrx_word' id='word_1_5' title='bbox 155 390 189 443; x_wconf 83' lang='lat'><strong>15</strong></span> <span class='ocrx_word' id='word_1_6' title='bbox 199 380 245 440; x_wconf 89' lang='lat' dir='ltr'><strong>Nil</strong></span> <span class='ocrx_word' id='word_1_7' title='bbox 261 378 383 439; x_wconf 83' lang='lat' dir='ltr'><strong>nisime</strong></span> <span class='ocrx_word' id='word_1_8' title='bbox 397 377 498 439; x_wconf 80' lang='lat' dir='ltr'><strong>eciem</strong></span> <span class='ocrx_word' id='word_1_9' title='bbox 510 377 607 454; x_wconf 85' lang='lat' dir='ltr'><strong>primo</strong></span> <span class='ocrx_word' id='word_1_10' title='bbox 621 382 733 438; x_wconf 81' lang='lat' dir='ltr'><strong>teletus</strong></span> <span class='ocrx_word' id='word_1_11' title='bbox 745 393 793 438; x_wconf 88' lang='lat' dir='ltr'><strong>es.</strong></span> <span class='ocrx_word' id='word_1_12' title='bbox 823 384 855 436; x_wconf 89' lang='lat' dir='ltr'><strong>et</strong></span> <span class='ocrx_word' id='word_1_13' title='bbox 867 388 949 439; x_wconf 86' lang='lat' dir='ltr'><strong>nuuc</strong></span> 
     </span>
     <span class='ocr_line' id='line_1_3' title="bbox 145 462 852 538; baseline -0.01 -14"><span class='ocrx_word' id='word_1_14' title='bbox 145 490 148 497; x_wconf 59' lang='grc'><strong>’</strong></span> <span class='ocrx_word' id='word_1_15' title='bbox 165 470 180 503; x_wconf 62' lang='lat'><strong>³*</strong></span> <span class='ocrx_word' id='word_1_16' title='bbox 235 462 413 538; x_wconf 73' lang='lat' dir='ltr'><strong>itic&#39;eeriler</strong></span> <span class='ocrx_word' id='word_1_17' title='bbox 427 477 518 523; x_wconf 87' lang='lat' dir='ltr'><strong>serve</strong></span> <span class='ocrx_word' id='word_1_18' title='bbox 532 462 738 534; x_wconf 86' lang='lat' dir='ltr'><strong>iudiciumque</strong></span> <span class='ocrx_word' id='word_1_19' title='bbox 755 468 852 521; x_wconf 84' lang='lat' dir='ltr'><strong>tuem:</strong></span> 
     </span>
    </p>
   </div>
   <div class='ocr_carea' id='block_1_3' title="bbox 114 545 1195 627">
    <p class='ocr_par' dir='ltr' id='par_1_3' title="bbox 114 545 1195 627">
     <span class='ocr_line' id='line_1_4' title="bbox 114 545 1195 627; baseline -0.002 -20"><span class='ocrx_word' id='word_1_20' title='bbox 114 616 120 627; x_wconf 33' lang='grc' dir='ltr'><strong><em>Ι</em></strong></span> <span class='ocrx_word' id='word_1_21' title='bbox 196 546 228 607; x_wconf 90' lang='lat' dir='ltr'><strong>Si</strong></span> <span class='ocrx_word' id='word_1_22' title='bbox 242 547 334 607; x_wconf 89' lang='lat' dir='ltr'><strong>mode</strong></span> <span class='ocrx_word' id='word_1_23' title='bbox 349 558 409 604; x_wconf 88' lang='lat' dir='ltr'><strong>nen</strong></span> <span class='ocrx_word' id='word_1_24' title='bbox 430 546 534 619; x_wconf 89' lang='lat' dir='ltr'><strong>elique</strong></span> <span class='ocrx_word' id='word_1_25' title='bbox 546 553 596 604; x_wconf 89' lang='lat' dir='ltr'><strong>est</strong></span> <span class='ocrx_word' id='word_1_26' title='bbox 609 546 639 604; x_wconf 94' lang='lat' dir='ltr'><strong>in</strong></span> <span class='ocrx_word' id='word_1_27' title='bbox 654 559 702 604; x_wconf 88' lang='lat' dir='ltr'><strong>me</strong></span> <span class='ocrx_word' id='word_1_28' title='bbox 716 560 797 605; x_wconf 90' lang='lat' dir='ltr'><strong>nove</strong></span> <span class='ocrx_word' id='word_1_29' title='bbox 812 545 915 620; x_wconf 80' lang='lat' dir='ltr'><strong>culpe,</strong></span> <span class='ocrx_word' id='word_1_30' title='bbox 937 551 1080 621; x_wconf 73' lang='lat' dir='ltr'><strong>lucemque</strong></span> <span class='ocrx_word' id='word_1_31' title='bbox 1189 548 1195 565; x_wconf 86' lang='lat'><strong><em>‘</em></strong></span> 
     </span>
    </p>
   </div>
   <div class='ocr_carea' id='block_1_4' title="bbox 154 626 1138 2289">
    <p class='ocr_par' dir='ltr' id='par_1_4' title="bbox 154 626 1138 2289">
     <span class='ocr_line' id='line_1_5' title="bbox 233 626 884 695; baseline -0.006 -7"><span class='ocrx_word' id='word_1_32' title='bbox 233 630 386 690; x_wconf 87' lang='lat' dir='ltr'><strong>Muterunt</strong></span> <span class='ocrx_word' id='word_1_33' title='bbox 400 628 499 689; x_wconf 83' lang='lat' dir='ltr'><strong>subeo</strong></span> <span class='ocrx_word' id='word_1_34' title='bbox 514 629 642 688; x_wconf 87' lang='lat' dir='ltr'><strong>crimine</strong></span> <span class='ocrx_word' id='word_1_35' title='bbox 653 635 759 695; x_wconf 82' lang='lat' dir='ltr'><strong>nostre</strong></span> <span class='ocrx_word' id='word_1_36' title='bbox 773 626 884 687; x_wconf 69' lang='lat' dir='ltr'><strong>fidene,</strong></span> 
     </span>
     <span class='ocr_line' id='line_1_6' title="bbox 197 710 1095 788; baseline -0.003 -14"><span class='ocrx_word' id='word_1_37' title='bbox 197 712 328 788; x_wconf 87' lang='lat' dir='ltr'><strong>Spiritus</strong></span> <span class='ocrx_word' id='word_1_38' title='bbox 343 712 401 784; x_wconf 81' lang='lat' dir='ltr'><strong>liic,</strong></span> <span class='ocrx_word' id='word_1_39' title='bbox 425 711 570 788; x_wconf 79' lang='lat' dir='ltr'><strong>Scythice</strong></span> <span class='ocrx_word' id='word_1_40' title='bbox 584 728 675 787; x_wconf 87' lang='lat' dir='ltr'><strong>quem</strong></span> <span class='ocrx_word' id='word_1_41' title='bbox 688 728 751 772; x_wconf 89' lang='lat' dir='ltr'><strong>non</strong></span> <span class='ocrx_word' id='word_1_42' title='bbox 764 712 843 772; x_wconf 86' lang='lat' dir='ltr'><strong>bene</strong></span> <span class='ocrx_word' id='word_1_43' title='bbox 857 710 996 772; x_wconf 81' lang='lat' dir='ltr'><strong>ducimus</strong></span> <span class='ocrx_word' id='word_1_44' title='bbox 1011 727 1095 785; x_wconf 83' lang='lat' dir='ltr'><strong>eure,</strong></span> 
     </span>
     <span class='ocr_line' id='line_1_7' title="bbox 154 794 892 871; baseline -0.004 -14"><span class='ocrx_word' id='word_1_45' title='bbox 154 805 193 860; x_wconf 75' lang='lat'><strong>20</strong></span> <span class='ocrx_word' id='word_1_46' title='bbox 213 802 216 813; x_wconf 84' lang='grc'><strong>’</strong></span> <span class='ocrx_word' id='word_1_47' title='bbox 240 796 327 871; x_wconf 76' lang='lat' dir='ltr'><strong>Quod</strong></span> <span class='ocrx_word' id='word_1_48' title='bbox 343 797 442 870; x_wconf 82' lang='lat' dir='ltr'><strong>cepio,</strong></span> <span class='ocrx_word' id='word_1_49' title='bbox 464 794 606 855; x_wconf 84' lang='lat' dir='ltr'><strong>membris</strong></span> <span class='ocrx_word' id='word_1_50' title='bbox 620 802 711 855; x_wconf 83' lang='lat' dir='ltr'><strong>excel</strong></span> <span class='ocrx_word' id='word_1_51' title='bbox 723 802 793 855; x_wconf 84' lang='lat' dir='ltr'><strong>enle</strong></span> <span class='ocrx_word' id='word_1_52' title='bbox 806 796 892 869; x_wconf 84' lang='lat' dir='ltr'><strong>meis,</strong></span> 
     </span>
     <span class='ocr_line' id='line_1_8' title="bbox 198 878 951 955; baseline -0.001 -16"><span class='ocrx_word' id='word_1_53' title='bbox 198 879 293 954; x_wconf 78' lang='lat' dir='ltr'><strong>Quem</strong></span> <span class='ocrx_word' id='word_1_54' title='bbox 308 887 360 940; x_wconf 85' lang='lat' dir='ltr'><strong>lue</strong></span> <span class='ocrx_word' id='word_1_55' title='bbox 374 879 484 940; x_wconf 80' lang='lat' dir='ltr'><strong>delicio</strong></span> <span class='ocrx_word' id='word_1_56' title='bbox 498 878 684 953; x_wconf 78' lang='lat' dir='ltr'><strong>stringentur</strong></span> <span class='ocrx_word' id='word_1_57' title='bbox 697 888 823 955; x_wconf 75' lang='lat' dir='ltr'>pectora</span> <span class='ocrx_word' id='word_1_58' title='bbox 836 886 951 952; x_wconf 82' lang='lat' dir='ltr'><strong>nostro,</strong></span> 
     </span>
     <span class='ocr_line' id='line_1_9' title="bbox 237 962 781 1025; baseline -0.004 -3"><span class='ocrx_word' id='word_1_59' title='bbox 237 963 274 1024; x_wconf 85' lang='lat' dir='ltr'><strong>iit</strong></span> <span class='ocrx_word' id='word_1_60' title='bbox 288 963 396 1022; x_wconf 81' lang='lat' dir='ltr'><strong>videar</strong></span> <span class='ocrx_word' id='word_1_61' title='bbox 409 963 515 1023; x_wconf 88' lang='lat' dir='ltr'><strong>merito</strong></span> <span class='ocrx_word' id='word_1_62' title='bbox 531 962 704 1025; x_wconf 78' lang='lat' dir='ltr'><strong>vilienesse</strong></span> <span class='ocrx_word' id='word_1_63' title='bbox 718 962 781 1021; x_wconf 84' lang='lat' dir='ltr'><strong>libi.</strong></span> 
     </span>
     <span class='ocr_line' id='line_1_10' title="bbox 197 1046 822 1122; baseline 0 -16"><span class='ocrx_word' id='word_1_64' title='bbox 197 1046 264 1106; x_wconf 89' lang='lat' dir='ltr'><strong>Non</strong></span> <span class='ocrx_word' id='word_1_65' title='bbox 279 1047 357 1107; x_wconf 87' lang='lat' dir='ltr'><strong>edeo</strong></span> <span class='ocrx_word' id='word_1_66' title='bbox 370 1046 511 1107; x_wconf 80' lang='lat' dir='ltr'><strong>tetiietis</strong></span> <span class='ocrx_word' id='word_1_67' title='bbox 525 1048 690 1121; x_wconf 73' lang='lat' dir='ltr'><strong>urguemur</strong></span> <span class='ocrx_word' id='word_1_68' title='bbox 701 1046 822 1122; x_wconf 84' lang='lat' dir='ltr'><strong>iniquis,</strong></span> 
     </span>
     <span class='ocr_line' id='line_1_11' title="bbox 238 1130 968 1206; baseline -0.003 -16"><span class='ocrx_word' id='word_1_69' title='bbox 238 1131 278 1190; x_wconf 75' lang='lat' dir='ltr'><strong>tlt</strong></span> <span class='ocrx_word' id='word_1_70' title='bbox 290 1142 358 1189; x_wconf 85' lang='lat' dir='ltr'><strong>mee</strong></span> <span class='ocrx_word' id='word_1_71' title='bbox 370 1130 525 1206; x_wconf 73' lang='lat' dir='ltr'><strong>sitmngis</strong></span> <span class='ocrx_word' id='word_1_72' title='bbox 534 1140 624 1189; x_wconf 81' lang='lat' dir='ltr'><strong>›ntens</strong></span> <span class='ocrx_word' id='word_1_73' title='bbox 634 1144 761 1205; x_wconf 45' lang='lat' dir='ltr'><strong>tqueqne</strong></span> <span class='ocrx_word' id='word_1_74' title='bbox 775 1136 858 1191; x_wconf 83' lang='lat' dir='ltr'><strong>mute</strong></span> <span class='ocrx_word' id='word_1_75' title='bbox 870 1130 968 1190; x_wconf 85' lang='lat' dir='ltr'><strong>melis.</strong></span> 
     </span>
     <span class='ocr_line' id='line_1_12' title="bbox 156 1212 1070 1290; baseline -0.004 -13"><span class='ocrx_word' id='word_1_76' title='bbox 156 1223 191 1277; x_wconf 54' lang='grc' dir='ltr'><strong>ῦὸ</strong></span> <span class='ocrx_word' id='word_1_77' title='bbox 202 1213 295 1289; x_wconf 82' lang='lat' dir='ltr'><strong>Finge</strong></span> <span class='ocrx_word' id='word_1_78' title='bbox 309 1222 408 1274; x_wconf 85' lang='lat' dir='ltr'><strong>temen</strong></span> <span class='ocrx_word' id='word_1_79' title='bbox 424 1221 543 1288; x_wconf 83' lang='lat' dir='ltr'><strong>motem,</strong></span> <span class='ocrx_word' id='word_1_80' title='bbox 556 1212 708 1290; x_wconf 84' lang='lat' dir='ltr'><strong>&#39;quotiens</strong></span> <span class='ocrx_word' id='word_1_81' title='bbox 725 1216 954 1288; x_wconf 75' lang='lat' dir='ltr'>Agamemnone</span> <span class='ocrx_word' id='word_1_82' title='bbox 969 1219 1070 1273; x_wconf 88' lang='lat' dir='ltr'><strong>netum</strong></span> 
     </span>
     <span class='ocr_line' id='line_1_13' title="bbox 239 1297 943 1375; baseline -0.004 -17"><span class='ocrx_word' id='word_1_83' title='bbox 239 1298 360 1358; x_wconf 79' lang='lat' dir='ltr'>Dixisse</span> <span class='ocrx_word' id='word_1_84' title='bbox 373 1297 403 1356; x_wconf 92' lang='lat' dir='ltr'><strong>in</strong></span> <span class='ocrx_word' id='word_1_85' title='bbox 418 1297 552 1375; x_wconf 77' lang='lat' dir='ltr'><strong>Pyladen</strong></span> <span class='ocrx_word' id='word_1_86' title='bbox 564 1297 663 1357; x_wconf 44' lang='lat' dir='ltr'><strong>‘verbe</strong></span> <span class='ocrx_word' id='word_1_87' title='bbox 677 1304 819 1372; x_wconf 78' lang='lat' dir='ltr'><strong>proterve</strong></span> <span class='ocrx_word' id='word_1_88' title='bbox 832 1304 943 1371; x_wconf 76' lang='lat' dir='ltr'><strong>petest</strong></span> 
     </span>
     <span class='ocr_line' id='line_1_14' title="bbox 198 1380 1047 1456; baseline -0.006 -16"><span class='ocrx_word' id='word_1_89' title='bbox 198 1381 260 1441; x_wconf 88' lang='lat' dir='ltr'><strong>Nec</strong></span> <span class='ocrx_word' id='word_1_90' title='bbox 274 1383 413 1456; x_wconf 83' lang='lat' dir='ltr'><strong>procule</strong></span> <span class='ocrx_word' id='word_1_91' title='bbox 425 1396 500 1442; x_wconf 89' lang='lat' dir='ltr'><strong>vero</strong></span> <span class='ocrx_word' id='word_1_92' title='bbox 514 1386 574 1455; x_wconf 87' lang='lat' dir='ltr'><strong>est,</strong></span> <span class='ocrx_word' id='word_1_93' title='bbox 598 1380 682 1456; x_wconf 86' lang='lat' dir='ltr'><strong>qued</strong></span> <span class='ocrx_word' id='word_1_94' title='bbox 698 1381 745 1456; x_wconf 81' lang='lat' dir='ltr'><strong>uel</strong></span> <span class='ocrx_word' id='word_1_95' title='bbox 761 1381 888 1455; x_wconf 80' lang='lat' dir='ltr'><strong>pulsent</strong></span> <span class='ocrx_word' id='word_1_96' title='bbox 900 1380 1047 1440; x_wconf 85' lang='lat' dir='ltr'><strong>emicem:</strong></span> 
     </span>
     <span class='ocr_line' id='line_1_15' title="bbox 237 1463 862 1543; baseline -0.005 -19"><span class='ocrx_word' id='word_1_97' title='bbox 237 1464 349 1524; x_wconf 78' lang='lat' dir='ltr'><strong>Mansit</strong></span> <span class='ocrx_word' id='word_1_98' title='bbox 358 1467 392 1543; x_wconf 88' lang='lat' dir='ltr'><strong>in</strong></span> <span class='ocrx_word' id='word_1_99' title='bbox 407 1465 592 1524; x_wconf 84' lang='lat' dir='ltr'><strong>ciliciisnon</strong></span> <span class='ocrx_word' id='word_1_100' title='bbox 608 1465 707 1523; x_wconf 90' lang='lat' dir='ltr'><strong>minus</strong></span> <span class='ocrx_word' id='word_1_101' title='bbox 718 1463 773 1523; x_wconf 52' lang='lat' dir='ltr'><strong>&gt;ille</strong></span> <span class='ocrx_word' id='word_1_102' title='bbox 788 1464 862 1524; x_wconf 89' lang='lat' dir='ltr'><strong>suis.</strong></span> 
     </span>
     <span class='ocr_line' id='line_1_16' title="bbox 198 1546 951 1619; baseline 0 -12"><span class='ocrx_word' id='word_1_103' title='bbox 198 1547 269 1607; x_wconf 87' lang='lat' dir='ltr'><strong>Hoc</strong></span> <span class='ocrx_word' id='word_1_104' title='bbox 277 1555 326 1607; x_wconf 84' lang='lat' dir='ltr'><strong>est</strong></span> <span class='ocrx_word' id='word_1_105' title='bbox 338 1560 406 1607; x_wconf 88' lang='lat' dir='ltr'><strong>cum</strong></span> <span class='ocrx_word' id='word_1_106' title='bbox 420 1548 542 1608; x_wconf 83' lang='lat' dir='ltr'><strong>miseris</strong></span> <span class='ocrx_word' id='word_1_107' title='bbox 556 1546 656 1607; x_wconf 78' lang='lat' dir='ltr'><strong>selum</strong></span> <span class='ocrx_word' id='word_1_108' title='bbox 671 1562 831 1607; x_wconf 81' lang='lat' dir='ltr'><strong>commune</strong></span> <span class='ocrx_word' id='word_1_109' title='bbox 844 1547 951 1619; x_wconf 83' lang='lat' dir='ltr'><strong>beatis,</strong></span> 
     </span>
     <span class='ocr_line' id='line_1_17' title="bbox 156 1626 1027 1713; baseline -0.007 -18"><span class='ocrx_word' id='word_1_110' title='bbox 156 1639 192 1695; x_wconf 82' lang='lat'><strong>30</strong></span> <span class='ocrx_word' id='word_1_111' title='bbox 241 1631 400 1692; x_wconf 77' lang='lat' dir='ltr'>Ambobus</span> <span class='ocrx_word' id='word_1_112' title='bbox 419 1626 509 1713; x_wconf 75' lang='lat' dir='ltr'><strong>tribui</strong></span> <span class='ocrx_word' id='word_1_113' title='bbox 525 1632 608 1705; x_wconf 88' lang='lat' dir='ltr'><strong>qued</strong></span> <span class='ocrx_word' id='word_1_114' title='bbox 623 1631 701 1690; x_wconf 81' lang='lat' dir='ltr'><strong>selei</strong></span> <span class='ocrx_word' id='word_1_115' title='bbox 716 1629 907 1705; x_wconf 77' lang='lat' dir='ltr'><strong>obsequium.</strong></span> <span class='ocrx_word' id='word_1_116' title='bbox 993 1644 995 1648; x_wconf 56' lang='lat'><em>⁴</em></span> <span class='ocrx_word' id='word_1_117' title='bbox 1023 1680 1027 1689; x_wconf 88' lang='lat'><em>.</em></span> 
     </span>
     <span class='ocr_line' id='line_1_18' title="bbox 199 1712 994 1788; baseline -0.006 -13"><span class='ocrx_word' id='word_1_118' title='bbox 199 1714 321 1775; x_wconf 78' lang='lat' dir='ltr'><strong>ceditur</strong></span> <span class='ocrx_word' id='word_1_119' title='bbox 335 1722 364 1775; x_wconf 83' lang='lat' dir='ltr'><strong>el</strong></span> <span class='ocrx_word' id='word_1_120' title='bbox 378 1715 480 1774; x_wconf 82' lang='lat' dir='ltr'><strong>caecis</strong></span> <span class='ocrx_word' id='word_1_121' title='bbox 492 1722 524 1774; x_wconf 82' lang='lat' dir='ltr'><strong>et</strong></span> <span class='ocrx_word' id='word_1_122' title='bbox 539 1720 791 1788; x_wconf 55' lang='lat' dir='ltr'><strong>quosupreetexte</strong></span> <span class='ocrx_word' id='word_1_123' title='bbox 801 1712 957 1771; x_wconf 80' lang='lat' dir='ltr'><strong>&#39;verendos</strong></span> <span class='ocrx_word' id='word_1_124' title='bbox 991 1754 994 1761; x_wconf 80' lang='grc'>.</span> 
     </span>
     <span class='ocr_line' id='line_1_19' title="bbox 238 1796 869 1873; baseline -0.005 -17"><span class='ocrx_word' id='word_1_125' title='bbox 238 1798 395 1873; x_wconf 75' lang='lat' dir='ltr'><strong>Virgeque</strong></span> <span class='ocrx_word' id='word_1_126' title='bbox 408 1810 476 1858; x_wconf 86' lang='lat' dir='ltr'><strong>cum</strong></span> <span class='ocrx_word' id='word_1_127' title='bbox 491 1798 594 1859; x_wconf 85' lang='lat' dir='ltr'><strong>verbis</strong></span> <span class='ocrx_word' id='word_1_128' title='bbox 607 1797 774 1872; x_wconf 77' lang='lat' dir='ltr'><strong>imperiose</strong></span> <span class='ocrx_word' id='word_1_129' title='bbox 788 1796 869 1856; x_wconf 88' lang='lat' dir='ltr'><strong>iecit.</strong></span> 
     </span>
     <span class='ocr_line' id='line_1_20' title="bbox 199 1878 947 1958; baseline -0.005 -17"><span class='ocrx_word' id='word_1_130' title='bbox 199 1880 231 1941; x_wconf 90' lang='lat' dir='ltr'><strong>Si</strong></span> <span class='ocrx_word' id='word_1_131' title='bbox 246 1882 317 1941; x_wconf 87' lang='lat' dir='ltr'><strong>mihi</strong></span> <span class='ocrx_word' id='word_1_132' title='bbox 332 1884 393 1942; x_wconf 84' lang='lat' dir='ltr'><strong>nint</strong></span> <span class='ocrx_word' id='word_1_133' title='bbox 409 1878 518 1958; x_wconf 82' lang='lat' dir='ltr'><strong>percis,</strong></span> <span class='ocrx_word' id='word_1_134' title='bbox 542 1883 680 1943; x_wconf 78' lang='lat' dir='ltr'><strong>furtunae</strong></span> <span class='ocrx_word' id='word_1_135' title='bbox 695 1882 821 1956; x_wconf 80' lang='lat' dir='ltr'><strong>parcere</strong></span> <span class='ocrx_word' id='word_1_136' title='bbox 835 1879 947 1939; x_wconf 70' lang='lat' dir='ltr'><strong>debeis</strong></span> 
     </span>
     <span class='ocr_line' id='line_1_21' title="bbox 237 1963 847 2027; baseline -0.005 -3"><span class='ocrx_word' id='word_1_137' title='bbox 237 1964 302 2025; x_wconf 90' lang='lat' dir='ltr'><strong>Non</strong></span> <span class='ocrx_word' id='word_1_138' title='bbox 316 1963 410 2025; x_wconf 75' lang='lat' dir='ltr'><strong>debet</strong></span> <span class='ocrx_word' id='word_1_139' title='bbox 422 1966 557 2027; x_wconf 84' lang='lat' dir='ltr'><strong>innubis</strong></span> <span class='ocrx_word' id='word_1_140' title='bbox 572 1965 722 2026; x_wconf 88' lang='lat' dir='ltr'><strong>ulliusire</strong></span> <span class='ocrx_word' id='word_1_141' title='bbox 737 1965 847 2024; x_wconf 85' lang='lat' dir='ltr'><strong>lecum.</strong></span> 
     </span>
     <span class='ocr_line' id='line_1_22' title="bbox 155 2045 1031 2124; baseline -0.007 -14"><span class='ocrx_word' id='word_1_142' title='bbox 155 2054 189 2110; x_wconf 77' lang='lat'><strong>35</strong></span> <span class='ocrx_word' id='word_1_143' title='bbox 200 2048 284 2124; x_wconf 83' lang='lat' dir='ltr'>Elige</span> <span class='ocrx_word' id='word_1_144' title='bbox 299 2056 470 2110; x_wconf 81' lang='lat' dir='ltr'><strong>nestrorum</strong></span> <span class='ocrx_word' id='word_1_145' title='bbox 485 2048 638 2110; x_wconf 88' lang='lat' dir='ltr'><strong>minimum</strong></span> <span class='ocrx_word' id='word_1_146' title='bbox 653 2049 869 2121; x_wconf 81' lang='lat' dir='ltr'><strong>minimumque</strong></span> <span class='ocrx_word' id='word_1_147' title='bbox 885 2045 1031 2117; x_wconf 81' lang='lat' dir='ltr'><strong>lebenuni,</strong></span> 
     </span>
     <span class='ocr_line' id='line_1_23' title="bbox 238 2132 858 2209; baseline -0.003 -17"><span class='ocrx_word' id='word_1_148' title='bbox 238 2133 308 2206; x_wconf 87' lang='lat' dir='ltr'><strong>iste,</strong></span> <span class='ocrx_word' id='word_1_149' title='bbox 331 2133 515 2207; x_wconf 70' lang='lat' dir='ltr'><strong>quociens,</strong></span> <span class='ocrx_word' id='word_1_150' title='bbox 537 2132 682 2209; x_wconf 79' lang='lat' dir='ltr'><strong>grandius</strong></span> <span class='ocrx_word' id='word_1_151' title='bbox 697 2133 771 2191; x_wconf 92' lang='lat' dir='ltr'><strong>illud</strong></span> <span class='ocrx_word' id='word_1_152' title='bbox 786 2133 858 2192; x_wconf 52' lang='lat' dir='ltr'><strong>enit-⁴</strong></span> 
     </span>
     <span class='ocr_line' id='line_1_24' title="bbox 198 2214 1138 2289; baseline -0.004 -14"><span class='ocrx_word' id='word_1_153' title='bbox 198 2214 292 2289; x_wconf 78' lang='lat' dir='ltr'><strong>Quem</strong></span> <span class='ocrx_word' id='word_1_154' title='bbox 307 2216 400 2275; x_wconf 88' lang='lat' dir='ltr'><strong>multe</strong></span> <span class='ocrx_word' id='word_1_155' title='bbox 413 2217 554 2277; x_wconf 79' lang='lat' dir='ltr'>madidae</span> <span class='ocrx_word' id='word_1_156' title='bbox 568 2218 759 2277; x_wconf 72' lang='lat' dir='ltr'><strong>celebrantur</strong></span> <span class='ocrx_word' id='word_1_157' title='bbox 772 2215 920 2275; x_wconf 83' lang='lat' dir='ltr'><strong>erundiue</strong></span> <span class='ocrx_word' id='word_1_158' title='bbox 934 2214 1048 2287; x_wconf 80' lang='lat' dir='ltr'><strong>fossae,</strong></span> <span class='ocrx_word' id='word_1_159' title='bbox 1135 2216 1138 2223; x_wconf 87' lang='lat'>&#39;</span> 
     </span>
    </p>
   </div>
   <div class='ocr_carea' id='block_1_5' title="bbox 45 2298 914 2379">
    <p class='ocr_par' dir='ltr' id='par_1_5' title="bbox 45 2298 914 2379">
     <span class='ocr_line' id='line_1_25' title="bbox 45 2298 914 2379; baseline -0.002 -20"><span class='ocrx_word' id='word_1_160' title='bbox 45 2327 48 2337; x_wconf 92' lang='lat'>·</span> <span class='ocrx_word' id='word_1_161' title='bbox 159 2328 163 2339; x_wconf 89' lang='lat'><strong>·</strong></span> <span class='ocrx_word' id='word_1_162' title='bbox 236 2298 464 2375; x_wconf 84' lang='lat' dir='ltr'><strong>Flerideqeem</strong></span> <span class='ocrx_word' id='word_1_163' title='bbox 478 2302 587 2361; x_wconf 83' lang='lat' dir='ltr'><strong>melles</strong></span> <span class='ocrx_word' id='word_1_164' title='bbox 602 2302 703 2379; x_wconf 80' lang='lat' dir='ltr'><strong>Hyble</strong></span> <span class='ocrx_word' id='word_1_165' title='bbox 717 2307 914 2373; x_wconf 87' lang='lat' dir='ltr'><strong>tueterepes,</strong></span> 
     </span>
    </p>
   </div>
   <div class='ocr_carea' id='block_1_6' title="bbox 154 2381 1068 3045">
    <p class='ocr_par' dir='ltr' id='par_1_6' title="bbox 154 2381 1068 3045">
     <span class='ocr_line' id='line_1_26' title="bbox 200 2381 964 2463; baseline 0 -21"><span class='ocrx_word' id='word_1_166' title='bbox 200 2381 293 2457; x_wconf 79' lang='lat' dir='ltr'><strong>Quem</strong></span> <span class='ocrx_word' id='word_1_167' title='bbox 308 2383 419 2442; x_wconf 85' lang='lat' dir='ltr'><strong>nrultee</strong></span> <span class='ocrx_word' id='word_1_168' title='bbox 432 2384 536 2457; x_wconf 80' lang='lat' dir='ltr'><strong>guenili</strong></span> <span class='ocrx_word' id='word_1_169' title='bbox 551 2393 671 2463; x_wconf 80' lang='lat' dir='ltr'><strong>terrene</strong></span> <span class='ocrx_word' id='word_1_170' title='bbox 687 2383 744 2443; x_wconf 83' lang='lat' dir='ltr'><strong>sub</strong></span> <span class='ocrx_word' id='word_1_171' title='bbox 758 2384 869 2442; x_wconf 88' lang='lat' dir='ltr'><strong>herree</strong></span> <span class='ocrx_word' id='word_1_172' title='bbox 884 2383 964 2442; x_wconf 89' lang='lat' dir='ltr'><strong>ierre</strong></span> 
     </span>
     <span class='ocr_line' id='line_1_27' title="bbox 155 2460 874 2542; baseline -0.001 -16"><span class='ocrx_word' id='word_1_173' title='bbox 155 2471 191 2526; x_wconf 79' lang='lat'><strong>40</strong></span> <span class='ocrx_word' id='word_1_174' title='bbox 239 2466 346 2526; x_wconf 87' lang='lat' dir='ltr'><strong>Limite</strong></span> <span class='ocrx_word' id='word_1_175' title='bbox 358 2460 503 2525; x_wconf 81' lang='lat' dir='ltr'><strong>lermicee</strong></span> <span class='ocrx_word' id='word_1_176' title='bbox 516 2482 611 2541; x_wconf 72' lang='lat' dir='ltr'><strong>grene</strong></span> <span class='ocrx_word' id='word_1_177' title='bbox 624 2474 745 2542; x_wconf 84' lang='lat' dir='ltr'><strong>reperte</strong></span> <span class='ocrx_word' id='word_1_178' title='bbox 759 2467 874 2540; x_wconf 80' lang='lat' dir='ltr'><strong>solent,¹</strong></span> 
     </span>
     <span class='ocr_line' id='line_1_28' title="bbox 196 2548 993 2627; baseline -0.003 -19"><span class='ocrx_word' id='word_1_179' title='bbox 196 2548 269 2609; x_wconf 89' lang='lat' dir='ltr'><strong>Tem</strong></span> <span class='ocrx_word' id='word_1_180' title='bbox 283 2565 332 2627; x_wconf 81' lang='lat' dir='ltr'><strong>rnc</strong></span> <span class='ocrx_word' id='word_1_181' title='bbox 347 2549 520 2612; x_wconf 73' lang='lat' dir='ltr'><strong>circumstat</strong></span> <span class='ocrx_word' id='word_1_182' title='bbox 535 2552 701 2612; x_wconf 82' lang='lat' dir='ltr'><strong>densorum</strong></span> <span class='ocrx_word' id='word_1_183' title='bbox 712 2548 802 2610; x_wconf 82' lang='lat' dir='ltr'><strong>turbe</strong></span> <span class='ocrx_word' id='word_1_184' title='bbox 816 2550 975 2608; x_wconf 86' lang='lat' dir='ltr'><strong>melorum.</strong></span> <span class='ocrx_word' id='word_1_185' title='bbox 990 2582 993 2593; x_wconf 88' lang='lat'>·</span> 
     </span>
     <span class='ocr_line' id='line_1_29' title="bbox 237 2632 1068 2717; baseline -0.004 -25"><span class='ocrx_word' id='word_1_186' title='bbox 237 2633 334 2693; x_wconf 81' lang='lat' dir='ltr'><strong>Crede</strong></span> <span class='ocrx_word' id='word_1_187' title='bbox 348 2632 429 2706; x_wconf 91' lang='lat' dir='ltr'><strong>mihi,</strong></span> <span class='ocrx_word' id='word_1_188' title='bbox 453 2648 526 2694; x_wconf 84' lang='lat' dir='ltr'><strong>vere</strong></span> <span class='ocrx_word' id='word_1_189' title='bbox 540 2643 590 2695; x_wconf 87' lang='lat' dir='ltr'><strong>est</strong></span> <span class='ocrx_word' id='word_1_190' title='bbox 603 2643 708 2697; x_wconf 85' lang='lat' dir='ltr'><strong>nostre</strong></span> <span class='ocrx_word' id='word_1_191' title='bbox 723 2633 858 2708; x_wconf 78' lang='lat' dir='ltr'><strong>querella</strong></span> <span class='ocrx_word' id='word_1_192' title='bbox 873 2632 981 2691; x_wconf 85' lang='lat' dir='ltr'><strong>minor.</strong></span> <span class='ocrx_word' id='word_1_193' title='bbox 1062 2706 1068 2717; x_wconf 22' lang='grc' dir='ltr'>θ</span> 
     </span>
     <span class='ocr_line' id='line_1_30' title="bbox 197 2713 908 2793; baseline -0.001 -20"><span class='ocrx_word' id='word_1_194' title='bbox 197 2713 251 2779; x_wconf 90' lang='lat' dir='ltr'><strong>His</strong></span> <span class='ocrx_word' id='word_1_195' title='bbox 267 2717 319 2793; x_wconf 89' lang='lat' dir='ltr'><strong>qui</strong></span> <span class='ocrx_word' id='word_1_196' title='bbox 334 2720 567 2778; x_wconf 82' lang='lat' dir='ltr'><strong>eontentdsnen</strong></span> <span class='ocrx_word' id='word_1_197' title='bbox 583 2729 638 2793; x_wconf 86' lang='lat' dir='ltr'><strong>est,</strong></span> <span class='ocrx_word' id='word_1_198' title='bbox 659 2719 689 2777; x_wconf 91' lang='lat' dir='ltr'><strong>in</strong></span> <span class='ocrx_word' id='word_1_199' title='bbox 705 2717 775 2776; x_wconf 91' lang='lat' dir='ltr'><strong>litus</strong></span> <span class='ocrx_word' id='word_1_200' title='bbox 791 2724 908 2787; x_wconf 77' lang='lat' dir='ltr'><strong>eneces,</strong></span> 
     </span>
     <span class='ocr_line' id='line_1_31' title="bbox 236 2797 1022 2876; baseline -0.001 -18"><span class='ocrx_word' id='word_1_201' title='bbox 236 2800 270 2859; x_wconf 86' lang='lat' dir='ltr'><strong>in</strong></span> <span class='ocrx_word' id='word_1_202' title='bbox 285 2808 422 2875; x_wconf 75' lang='lat' dir='ltr'><strong>segetem</strong></span> <span class='ocrx_word' id='word_1_203' title='bbox 433 2802 548 2876; x_wconf 81' lang='lat' dir='ltr'><strong>spicas,</strong></span> <span class='ocrx_word' id='word_1_204' title='bbox 570 2804 601 2861; x_wconf 90' lang='lat' dir='ltr'><strong>in</strong></span> <span class='ocrx_word' id='word_1_205' title='bbox 617 2816 699 2862; x_wconf 86' lang='lat' dir='ltr'><strong>mere</strong></span> <span class='ocrx_word' id='word_1_206' title='bbox 713 2797 820 2858; x_wconf 80' lang='lat' dir='ltr'><strong>fundet</strong></span> <span class='ocrx_word' id='word_1_207' title='bbox 834 2813 942 2871; x_wconf 84' lang='lat' dir='ltr'><strong>eques.</strong></span> <span class='ocrx_word' id='word_1_208' title='bbox 1015 2864 1022 2874; x_wconf 72' lang='lat'><em>,</em></span> 
     </span>
     <span class='ocr_line' id='line_1_32' title="bbox 154 2881 869 2961; baseline -0.007 -18"><span class='ocrx_word' id='word_1_209' title='bbox 154 2889 188 2944; x_wconf 75' lang='grc'><strong>45</strong></span> <span class='ocrx_word' id='word_1_210' title='bbox 199 2881 433 2959; x_wconf 82' lang='lat' dir='ltr'><strong>Intempestivos</strong></span> <span class='ocrx_word' id='word_1_211' title='bbox 443 2884 536 2958; x_wconf 78' lang='lat' dir='ltr'><strong>igitur</strong></span> <span class='ocrx_word' id='word_1_212' title='bbox 548 2898 712 2961; x_wconf 82' lang='lat' dir='ltr'><strong>compesce</strong></span> <span class='ocrx_word' id='word_1_213' title='bbox 725 2888 869 2953; x_wconf 75' lang='lat' dir='ltr'><strong>tumores,</strong></span> 
     </span>
     <span class='ocr_line' id='line_1_33' title="bbox 238 2967 932 3045; baseline -0.004 -20"><span class='ocrx_word' id='word_1_214' title='bbox 238 2967 315 3027; x_wconf 83' lang='lat' dir='ltr'><strong>Vele</strong></span> <span class='ocrx_word' id='word_1_215' title='bbox 329 2982 387 3028; x_wconf 86' lang='lat' dir='ltr'><strong>nce</strong></span> <span class='ocrx_word' id='word_1_216' title='bbox 400 2968 430 3045; x_wconf 82' lang='lat' dir='ltr'><strong>in</strong></span> <span class='ocrx_word' id='word_1_217' title='bbox 446 2967 546 3028; x_wconf 88' lang='lat' dir='ltr'><strong>medio</strong></span> <span class='ocrx_word' id='word_1_218' title='bbox 563 2969 674 3029; x_wconf 81' lang='lat' dir='ltr'><strong>desere</strong></span> <span class='ocrx_word' id='word_1_219' title='bbox 686 2972 792 3025; x_wconf 77' lang='lat' dir='ltr'><strong>nostre</strong></span> <span class='ocrx_word' id='word_1_220' title='bbox 805 2967 891 3023; x_wconf 85' lang='lat' dir='ltr'><strong>meri.</strong></span> <span class='ocrx_word' id='word_1_221' title='bbox 928 2974 932 2984; x_wconf 88' lang='lat'><strong>·</strong></span> 
     </span>
    </p>
   </div>
   <div class='ocr_carea' id='block_1_7' title="bbox 524 3074 689 3089">
    <p class='ocr_par' dir='ltr' id='par_1_7' title="bbox 524 3074 689 3089">
     <span class='ocr_line' id='line_1_34' title="bbox 524 3074 689 3089; baseline 0.006 -3"><span class='ocrx_word' id='word_1_222' title='bbox 524 3074 689 3089; x_wconf 60' lang='grc' dir='ltr'><strong>-σσ-ῦ-ὺ-ν-</strong></span> 
     </span>
    </p>
   </div>
   <div class='ocr_carea' id='block_1_8' title="bbox 136 3094 1083 3544">
    <p class='ocr_par' dir='ltr' id='par_1_8' title="bbox 136 3094 1083 3544">
     <span class='ocr_line' id='line_1_35' title="bbox 136 3094 922 3215; baseline 0.001 -28"><span class='ocrx_word' id='word_1_223' title='bbox 136 3095 176 3189; x_wconf 70' lang='grc' dir='ltr'><strong>7ο</strong></span> <span class='ocrx_word' id='word_1_224' title='bbox 193 3094 294 3200; x_wconf 63' lang='lat' dir='ltr'><strong>Quem</strong></span> <span class='ocrx_word' id='word_1_225' title='bbox 309 3134 395 3209; x_wconf 79' lang='lat' dir='ltr'><strong>legis,</strong></span> <span class='ocrx_word' id='word_1_226' title='bbox 404 3149 450 3215; x_wconf 76' lang='lat' dir='ltr'><strong>ex</strong></span> <span class='ocrx_word' id='word_1_227' title='bbox 459 3133 516 3193; x_wconf 87' lang='lat' dir='ltr'><strong>&#39;ille</strong></span> <span class='ocrx_word' id='word_1_228' title='bbox 529 3130 582 3192; x_wconf 90' lang='lat' dir='ltr'><strong>tibi</strong></span> <span class='ocrx_word' id='word_1_229' title='bbox 595 3133 676 3193; x_wconf 79' lang='lat' dir='ltr'><strong>verrit</strong></span> <span class='ocrx_word' id='word_1_230' title='bbox 689 3132 819 3208; x_wconf 80' lang='lat' dir='ltr'><strong>epistole</strong></span> <span class='ocrx_word' id='word_1_231' title='bbox 833 3141 922 3201; x_wconf 83' lang='lat' dir='ltr'><strong>terre,</strong></span> 
     </span>
     <span class='ocr_line' id='line_1_36' title="bbox 236 3214 972 3293; baseline -0.004 -19"><span class='ocrx_word' id='word_1_232' title='bbox 236 3217 328 3276; x_wconf 87' lang='lat' dir='ltr'><strong>Letus</strong></span> <span class='ocrx_word' id='word_1_233' title='bbox 342 3217 394 3277; x_wconf 87' lang='lat' dir='ltr'><strong>ubi</strong></span> <span class='ocrx_word' id='word_1_234' title='bbox 408 3217 571 3293; x_wconf 77' lang='lat' dir='ltr'><strong>eeeuereis</strong></span> <span class='ocrx_word' id='word_1_235' title='bbox 586 3216 707 3276; x_wconf 83' lang='lat' dir='ltr'><strong>eddilur</strong></span> <span class='ocrx_word' id='word_1_236' title='bbox 722 3216 821 3276; x_wconf 82' lang='lat' dir='ltr'><strong>Hister</strong></span> <span class='ocrx_word' id='word_1_237' title='bbox 836 3214 935 3291; x_wconf 86' lang='lat' dir='ltr'><strong>equis.</strong></span> <span class='ocrx_word' id='word_1_238' title='bbox 968 3266 972 3271; x_wconf 80' lang='grc'><strong>.</strong></span> 
     </span>
     <span class='ocr_line' id='line_1_37' title="bbox 196 3295 842 3374; baseline 0.002 -16"><span class='ocrx_word' id='word_1_239' title='bbox 196 3295 230 3358; x_wconf 87' lang='lat' dir='ltr'><strong>Si</strong></span> <span class='ocrx_word' id='word_1_240' title='bbox 243 3297 297 3358; x_wconf 87' lang='lat' dir='ltr'><strong>tibi</strong></span> <span class='ocrx_word' id='word_1_241' title='bbox 311 3302 469 3374; x_wconf 79' lang='lat' dir='ltr'><strong>contigerit</strong></span> <span class='ocrx_word' id='word_1_242' title='bbox 482 3312 551 3361; x_wconf 86' lang='lat' dir='ltr'><strong>cern</strong></span> <span class='ocrx_word' id='word_1_243' title='bbox 567 3301 646 3360; x_wconf 86' lang='lat' dir='ltr'><strong>dulci</strong></span> <span class='ocrx_word' id='word_1_244' title='bbox 660 3300 721 3360; x_wconf 81' lang='lat' dir='ltr'><strong>vile</strong></span> <span class='ocrx_word' id='word_1_245' title='bbox 737 3301 842 3373; x_wconf 84' lang='lat' dir='ltr'><strong>salute,</strong></span> 
     </span>
     <span class='ocr_line' id='line_1_38' title="bbox 236 3382 910 3460; baseline -0.001 -20"><span class='ocrx_word' id='word_1_246' title='bbox 236 3382 372 3442; x_wconf 85' lang='lat' dir='ltr'><strong>Cendlde</strong></span> <span class='ocrx_word' id='word_1_247' title='bbox 384 3383 524 3444; x_wconf 82' lang='lat' dir='ltr'><strong>iorlunee</strong></span> <span class='ocrx_word' id='word_1_248' title='bbox 538 3400 611 3460; x_wconf 87' lang='lat' dir='ltr'><strong>pers</strong></span> <span class='ocrx_word' id='word_1_249' title='bbox 624 3391 726 3443; x_wconf 86' lang='lat' dir='ltr'><strong>menet</strong></span> <span class='ocrx_word' id='word_1_250' title='bbox 739 3399 801 3443; x_wconf 90' lang='lat' dir='ltr'><strong>une</strong></span> <span class='ocrx_word' id='word_1_251' title='bbox 815 3397 910 3443; x_wconf 87' lang='lat' dir='ltr'><strong>meee.</strong></span> 
     </span>
     <span class='ocr_line' id='line_1_39' title="bbox 167 3459 1083 3544; baseline -0.007 -20"><span class='ocrx_word' id='word_1_252' title='bbox 167 3463 326 3542; x_wconf 75' lang='lat' dir='ltr'><strong>escllleel,</strong></span> <span class='ocrx_word' id='word_1_253' title='bbox 348 3471 381 3527; x_wconf 84' lang='lat' dir='ltr'><strong>ut</strong></span> <span class='ocrx_word' id='word_1_254' title='bbox 395 3481 525 3542; x_wconf 84' lang='lat' dir='ltr'><strong>semper,</strong></span> <span class='ocrx_word' id='word_1_255' title='bbox 548 3468 733 3544; x_wconf 74' lang='lat' dir='ltr'><strong>qnidegem</strong></span> <span class='ocrx_word' id='word_1_256' title='bbox 756 3466 922 3535; x_wconf 76' lang='lat' dir='ltr'><strong>carissime,</strong></span> <span class='ocrx_word' id='word_1_257' title='bbox 946 3459 1083 3535; x_wconf 73' lang='lat' dir='ltr'><strong>queens:</strong></span> 
     </span>
    </p>
   </div>
   <div class='ocr_carea' id='block_1_9' title="bbox 0 0 1304 3812">
    <p class='ocr_par' dir='ltr' id='par_1_9' title="bbox 0 0 1304 3812">
     <span class='ocr_line' id='line_1_40' title="bbox 0 0 1304 3812; baseline 0 0"><span class='ocrx_word' id='word_1_258' title='bbox 0 0 1304 3812; x_wconf 95' lang='lat' dir='ltr'><strong> </strong></span> 
     </span>
    </p>
   </div>
  </div>
 </body>
</html>
