2598 3812
494 216 761 296 nal-nac.
901 226 903 229 ’
1005 220 1133 285 123

169 364 179 385 '
207 373 271 437 Nec
284 371 357 435 mihi
368 370 486 448 Tiphys
498 377 564 433 eret
576 378 686 434 rector.
716 387 775 434 nec
788 372 1035 448 Agennuenains

226 456 331 535 'Quas
345 457 488 531 ingerens,
508 455 619 527 docuit,
641 471 940 533 quus-sequererque
953 461 1032 520 vias.
1108 482 1117 490 ⁴

205 543 293 603 Illum
304 546 399 602 tutata
412 545 460 599 est
474 554 542 599 cum
555 538 678 600 Pallade
691 539 776 613 regia
789 539 880 602 iunoz

163 637 200 692 40
249 624 421 685 Defendere
434 637 536 683 meum
548 623 672 683 numina
686 623 769 684 nulla
781 633 883 699 capue

206 710 292 770 Illum
306 707 437 769 furtivae
449 706 554 766 iuvere
568 706 727 782 Cupidinis
743 711 839 768 artesz

100 782 103 793 '
249 793 332 867 Quas
346 806 365 850 a
378 804 427 849 me
439 790 549 850 vellem
562 805 624 852 nun
639 790 799 857 didicisset
810 791 915 855 Amor.

207 877 261 938 lile
276 876 400 935 domum
411 872 511 933 rediit.
534 888 591 933 nce
606 873 654 945 lus
665 874 833 935 moriemur
846 876 877 939 in
892 876 982 952 arvis

248 957 414 1020 perstiterit
427 955 503 1017 leesi
519 956 546 1016 ai
561 956 663 1031 gravis
678 957 723 1016 ira
737 955 797 1018 dei.
823 994 826 1001 ,

164 1051 200 1108 4⁵
209 1043 321 1105 Durius
335 1047 383 1101 cst
395 1041 487 1115 igitur
499 1047 645 1115 nostrum,
666 1039 817 1101 fidissima
830 1040 971 1120 coniunx,

246 1127 313 1201 ilie,
336 1123 421 1200 quod
435 1122 528 1185 subiit
539 1123 667 1185 Aesone
679 1128 778 1198 natus,
800 1140 888 1185 onus.
1039 1184 1044 1191 ,

204 1209 248 1271 Te
262 1223 395 1285 quoque,
416 1223 507 1283 quam
520 1207 662 1268 iuvenem
676 1206 840 1269 discedens
853 1208 937 1272 Urbe
949 1211 1066 1289 reliqui,

249 1292 400 1353 Credibile
413 1298 461 1351 est
473 1291 588 1353 nostris
601 1291 774 1351 insenuisse
786 1291 885 1352 malis.
1077 1358 1081 1363 ,

208 1374 248 1437 01
270 1391 338 1451 ego,
359 1375 391 1434 di
404 1375 524 1449 faciani,
545 1375 636 1434 nalem
648 1381 680 1434 te
691 1388 816 1434 cernere
830 1390 965 1452 possem,
1182 1444 1186 1465 Ι

164 1469 201 1524 50
251 1458 391 1532 Canaque
403 1457 525 1519 munaus
540 1457 847 1534 oscndnienegenis,

207 1542 420 1617 Amplectique
437 1540 515 1602 meis
529 1555 720 1616 corpusnen
732 1541 846 1616 pingue
860 1543 991 1618 incenis,

248 1626 289 1686 En
300 1624 500 1700 ‘gracile‘hcc
517 1624 599 1684 iecic’
615 1624 818 1692 dicerefenns
831 1626 924 1687 meia’

207 1709 246 1771 Et
259 1722 386 1769 nauare
399 1722 485 1768 mens
500 1705 585 1768 flend
599 1707 677 1769 fiens
691 1707 762 1782 ipse
774 1707 906 1784 iabores,

112 1850 115 1856 .
251 1791 381 1868 sperato
395 1806 559 1866 numquam
573 1789 800 1868 conloquioque
813 1791 882 1866 frui,

164 1883 201 1937 65
211 1877 352 1950 Tuumne
364 1875 547 1936 Gaesmibus
561 1892 631 1937 eum
645 1875 774 1950 coniuge
788 1874 919 1936 caesare
933 1874 1048 1952 digna„
1150 1886 1153 1893 '

249 1959 304 2020 Dis
318 1958 411 2033 veris,
431 1958 559 2020 memori
573 1959 676 2021 debita
688 1961 769 2023 ieme
781 1966 888 2020 manu!

206 2042 378 2103 Memnonis
391 2042 471 2103 hanc
484 2043 607 2119 aunam,
627 2044 720 2105 lenito
735 2041 882 2123 principe,
903 2050 999 2106 maten

250 2125 347 2202 Quem
359 2124 490 2202 pnmum
502 2141 594 2189 roseo
609 2131 759 2205 prouocet
772 2141 826 2187 ore
838 2127 933 2188 dium
954 2169 966 2181 .
979 2180 982 2185 ,

155 2308 198 2407 5.
249 2341 446 2405 namne.
497 2322 499 2329 “

209 2424 267 2522 lue
280 2463 351 2518 tuas
366 2457 521 2532 quondam
533 2472 595 2521 uon
609 2458 732 2519 ultimm
745 2457 831 2518 inter*
839 2457 965 2532 emicas,

249 2540 290 2602 Ut
303 2541 469 2626 suaverba
481 2541 585 2615 legas*
596 2541 738 2615 Maxime,
758 2542 841 2603 Naso
854 2548 953 2615 rogat⁴

208 2625 243 2686 ln
258 2623 368 2700 quibus
381 2616 534 2698 ingenium
549 2625 664 2686 desiste
676 2624 833 2700 requirere
845 2631 993 2699 nestrum,

250 2707 379 2769 Nescius
392 2706 476 2767 exiiii
488 2722 528 2767 ne
540 2708 666 2771 videare
678 2707 747 2769 mei.

182 2791 325 2866 acernis,
343 2797 377 2853 ut
389 2790 532 2865 ignavum
546 2796 740 2868 corrumpant
753 2789 816 2851 otia
829 2803 953 2866 cerpus,

251 2874 292 2936 Ut
305 2874 427 2949 capiant
440 2873 552 2945 vitium,
574 2874 605 2934 ni
621 2879 807 2953 moneamur,
828 2888 945 2948 aquae>

210 2957 248 3019 Et
262 2957 336 3018 mihi
349 2957 446 3034 siquis
459 2962 525 3016 erat
538 2956 670 3018 ducendi
683 2955 824 3017 nammis
840 2973 923 3034 usus,

248 3040 370 3117 Deficit,
391 3048 502 3115 estque
515 3040 614 3102 minor
626 3041 725 3101 iactus
739 3038 835 3101 inerte
848 3041 926 3102 situ.-

210 3123 294 3185 Haec
306 3140 438 3200 queque,
450 3139 528 3199 qnae
538 3124 647 3198 legitis,
659 3123 687 3184 ai
700 3122 773 3198 quid
779 3125 861 3199 mihi,
872 3123 1013 3198 Maxime,
1025 3122 1135 3198 credis,

170 3214 205 3269 10
255 3206 421 3269 Scribimus
435 3207 530 3269 invita
542 3208 657 3283 vixque
671 3213 779 3267 coacta
792 3224 892 3268 manu.

209 3289 277 3351 Non
291 3290 365 3353 libet
376 3291 408 3350 in
421 3292 490 3352 telis
506 3290 835 3353 animumeuniendere
849 3305 947 3363 cures,
1019 3304 1022 3312 ·

250 3374 314 3434 Nec
326 3375 409 3434 venit
422 3375 463 3434 ed
477 3373 571 3437 duros
584 3374 675 3436 Musa
687 3381 798 3435 vocata
812 3374 914 3435 deas.

210 3456 251 3518 Ut
262 3463 362 3519 temen
375 3458 444 3534 ipse
456 3457 554 3536 vides,
575 3458 673 3523 luctor
687 3458 841 3521 deducere
852 3470 984 3517 versum.
