2598 3812
163 157 205 225 lt
552 159 778 231 belsalam
816 194 819 205 ·

197 321 233 378 lo
285 311 341 371 Est
354 309 440 384 data,
460 326 540 386 qnae
557 318 678 387 tempus
696 328 752 388 per
767 311 862 371 breue
876 317 971 386 nupta
983 311 1046 372 fult

246 396 291 456 llli
306 394 463 466 successit,
480 397 619 469 quamvls
634 395 710 455 siue
719 396 843 454 crimine
857 396 999 468 coniunx,

287 478 354 538 Non
367 484 468 537 minen
484 477 515 537 in
529 486 635 539 nostro
649 479 737 539 firma
749 480 849 539 laturo
862 476 940 537 toro.

246 562 370 635 Ultima,
383 576 468 635 quae
481 576 602 622 mecum
617 577 706 622 seros
724 562 891 637 permansit
901 561 933 621 in
949 576 1058 637 canos,

288 643 435 724 Sustinuit
454 645 588 704 coniunx
606 645 705 704 exulis
723 661 795 705 esse
811 644 878 703 viri.

197 743 231 799 75
245 727 321 787 Filia
334 742 383 787 me
401 742 471 787 mea
483 726 532 788 bis
551 728 649 804 prima
663 728 795 788 fecunda
808 729 941 802 iuuenta,

288 810 351 871 Sed
368 826 430 870 non
446 827 485 870 ex
499 826 560 871 uno
581 811 725 886 coniuge,
741 812 812 871 lecit
827 827 924 874 anun.

244 895 283 957 Et
300 894 359 953 iam
376 894 678 975 comploratgcnltou
697 910 754 955 saa
772 895 1040 970 latapnovemque

284 977 455 1039 Addiderat
470 979 573 1038 lustris
588 979 682 1038 altera
696 980 791 1038 lustra
804 992 925 1038 novem.

243 1060 311 1123 Non
329 1060 416 1120 aliter
430 1060 516 1134 flevi,
533 1077 622 1135 quam
636 1076 685 1120 me
693 1061 825 1122 licturus
842 1061 1016 1139 ademptum

193 1155 229 1211 so
285 1145 338 1204 llle
354 1144 416 1204 luit.
448 1144 537 1205 Matri
551 1147 689 1220 proxima
702 1145 783 1206 iusta
800 1145 863 1204 tuli.

245 1227 362 1288 Felices
378 1226 467 1289 ambo
485 1228 728 1304 tempestiveque
741 1229 862 1304 sepulti,
902 1260 906 1267 ·

284 1313 365 1372 Ante
379 1310 459 1371 diem
474 1327 593 1386 poenae
609 1312 693 1387 quod
710 1311 828 1386 periere
845 1316 946 1370 meaet
1052 1355 1054 1360 .

244 1393 294 1454 llle
313 1410 436 1469 quoque
455 1394 587 1469 felicem,
606 1394 690 1471 quod
708 1410 770 1454 nou
785 1392 958 1454 viventibus
973 1393 1033 1457 illis

287 1476 361 1538 Sum
377 1478 485 1549 miser,
503 1479 587 1538 etde
603 1493 652 1538 me
662 1479 754 1553 'quod
772 1478 898 1539 doluere
912 1476 995 1541 nihil.

196 1565 231 1620 85
245 1560 278 1621 Si
297 1567 397 1622 tamen
416 1561 555 1622 extinctis
572 1561 687 1637 aliquid
704 1562 763 1622 nisi
780 1561 903 1621 nomina
915 1567 1019 1633 restat,

285 1644 323 1704 Et
339 1644 461 1719 gracilis
477 1651 609 1707 sauctus
625 1643 732 1721 effugit
747 1646 856 1706 umbra
870 1659 980 1719 1'03082
999 1638 1003 1647 '

242 1727 350 1801 Fama,
369 1729 557 1804 parentales,
574 1731 674 1790 sivos
691 1744 759 1789 mea
774 1729 913 1803 contigit,
931 1727 1064 1802 umbrae,

282 1810 322 1871 Et
336 1818 406 1871 sunt
421 1812 452 1871 in
466 1811 575 1891 Stygio
593 1812 718 1873 cumina
731 1819 839 1873 nostm
854 1813 933 1886 loro,

180 1893 341 1966 Seite,
357 1897 480 1991 precor,
495 1911 651 1956 oausam...
662 1911 720 1957 uec
733 1911 791 1956 vos
806 1893 906 1955 mihis
892 1895 996 1956 fallere
1010 1896 1058 1957 las
1078 1902 1152 1958 est..
1133 1941 1164 1958 ...

126 2022 132 2025 -
194 1985 230 2039 90
282 1977 447 2038 Errorem
436 1995 556 2053 mesae,
572 1995 634 2039 non
649 1980 769 2051 scolae,
784 1994 856 2040 esse
870 1979 971 2053 lagae.

242 2059 384 2120 Manibus
399 2061 459 2121 boc
473 2063 549 2122 satis
563 2068 619 2122 est.
656 2063 696 2122 ad
711 2066 769 2122 vde
776 2062 957 2138 ‚studiesa‚
976 2069 1119 2139 revertor,

282 2142 424 2218 Pectora,
446 2146 498 2219 qui
519 2147 597 2205 vitae
613 2147 758 2221 quaeritis
776 2153 846 2207 acta
862 2159 959 2206 meac

243 2225 307 2285 lam
322 2227 394 2286 niihl
407 2228 532 2289 canities
548 2229 646 2303 pulsis
661 2230 838 2292 melioribus
858 2229 947 2290 annis

122 2363 124 2366 ,
284 2309 433 2385 Venerat,
452 2313 593 2386 antiquas
610 2313 840 2388 miscueratque
855 2328 1002 2395 comas,

194 2393 228 2448 95
242 2390 376 2470 Postque
392 2410 479 2455 meos
497 2403 581 2456 onus
596 2397 706 2459 Pisaea
720 2397 840 2458 vinctus
858 2397 940 2457 oliva

281 2474 458 2538 Abstulerat
475 2478 578 2539 decies
593 2481 728 2555 praemia
739 2481 845 2541 victor
857 2496 965 2555 equae,

242 2543 315 2618 Cum
332 2560 423 2620 maris
437 2560 547 2622 Euxini
565 2564 685 2639 positos
702 2565 742 2624 ad
755 2567 844 2624 laeve
858 2559 990 2648 Tomitas

281 2641 432 2715 Quaerere
446 2661 495 2705 me
509 2646 588 2706 laesi
599 2647 768 2743 principis
760 2663 806 2708 rra
819 2647 913 2708 iubet.

241 2722 341 2787 Causa
356 2743 442 2790 meae
457 2731 571 2790 cunctis
587 2731 711 2791 nimium
727 2747 851 2807 quoque
868 2737 953 2793 ncta
957 2729 1062 2791 ruinae

178 2812 231 2869 100
281 2808 395 2870 Indicio
409 2828 472 2872 uon
486 2820 533 2874 est
546 2814 738 2875 testificanda
753 2830 832 2875 meo

140 2900 143 2906 ·
239 2888 321 2963 Quid
331 2893 460 2954 releram
472 2896 674 2973 comitumque
687 2899 775 2958 nolas
791 2900 982 2973 famulosque
992 2901 1177 2960 nocentest,

282 2973 355 3048 Ipsa
369 2978 461 3037 multa
474 2980 527 3038 tuli
541 2997 602 3040 non
617 2982 734 3041 leviora
749 2983 830 3057 luge.

239 3055 399 3133 Indignata
411 3060 508 3122 malis
516 3079 602 3123 mens
620 3071 668 3123 est
681 3065 879 3125 succumbere
885 3080 1004 3139 ,seque

281 3139 453 3203 Praestitit'
445 3144 587 3205 invictam
600 3146 715 3206 viribus
729 3164 797 3208 usa
804 3148 879 3209 suis

178 3229 228 3284 los
241 3222 419 3300 Oblitusque
433 3227 492 3286 mei
507 3227 748 3304 ductaequeper
762 3231 824 3290 otia
837 3229 928 3305 vitae,

280 3307 404 3369 insolita
423 3310 490 3384 cepi
504 3313 651 3386 temporis
669 3328 753 3371 orma
767 3329 869 3372 manu.

238 3389 356 3467 Totque
368 3393 422 3455 tuli
440 3400 532 3454 cesus
552 3394 725 3471 pelagoque
739 3401 896 3472 terraque,
912 3403 988 3473 quot
1002 3396 1079 3462 inter
