<?xml version="1.0" encoding="UTF-8"?>
<!DOCTYPE html PUBLIC "-//W3C//DTD XHTML 1.0 Transitional//EN"
    "http://www.w3.org/TR/xhtml1/DTD/xhtml1-transitional.dtd">
<html xmlns="http://www.w3.org/1999/xhtml" xml:lang="en" lang="en">
 <head>
  <title>
</title>
<meta http-equiv="Content-Type" content="text/html;charset=utf-8" />
  <meta name='ocr-system' content='tesseract 3.04.00' />
  <meta name='ocr-capabilities' content='ocr_page ocr_carea ocr_par ocr_line ocrx_word'/>
</head>
<body>
  <div class='ocr_page' id='page_1' title='image "./povidiusnaso00merkgoog_0247.png"; bbox 0 0 2602 3816; ppageno 0'>
   <div class='ocr_carea' id='block_1_1' title="bbox 147 154 774 224">
    <p class='ocr_par' dir='ltr' id='par_1_1' title="bbox 147 154 774 224">
     <span class='ocr_line' id='line_1_1' title="bbox 147 154 774 224; baseline -0.005 0"><span class='ocrx_word' id='word_1_1' title='bbox 147 154 210 224; x_wconf 61' lang='lat'>232</span> <span class='ocrx_word' id='word_1_2' title='bbox 523 160 774 223; x_wconf 75' lang='lat' dir='ltr'>rnsroatllt</span> 
     </span>
    </p>
   </div>
   <div class='ocr_carea' id='block_1_2' title="bbox 162 311 1149 3296">
    <p class='ocr_par' dir='ltr' id='par_1_2' title="bbox 162 311 1149 3296">
     <span class='ocr_line' id='line_1_2' title="bbox 268 311 974 388; baseline 0.004 -17"><span class='ocrx_word' id='word_1_3' title='bbox 268 311 377 372; x_wconf 87' lang='lat' dir='ltr'>Nescio</span> <span class='ocrx_word' id='word_1_4' title='bbox 392 326 485 388; x_wconf 84' lang='lat' dir='ltr'>quem</span> <span class='ocrx_word' id='word_1_5' title='bbox 498 312 588 373; x_wconf 86' lang='lat' dir='ltr'>vobis</span> <span class='ocrx_word' id='word_1_6' title='bbox 603 312 742 388; x_wconf 87' lang='lat' dir='ltr'>suspicer</span> <span class='ocrx_word' id='word_1_7' title='bbox 753 326 827 372; x_wconf 83' lang='lat' dir='ltr'>esec</span> <span class='ocrx_word' id='word_1_8' title='bbox 838 313 974 374; x_wconf 86' lang='lat' dir='ltr'>deum’...</span> 
     </span>
     <span class='ocr_line' id='line_1_3' title="bbox 231 394 1004 471; baseline -0.005 -17"><span class='ocrx_word' id='word_1_9' title='bbox 231 398 284 455; x_wconf 74' lang='lat' dir='ltr'>‘At</span> <span class='ocrx_word' id='word_1_10' title='bbox 298 395 325 454; x_wconf 90' lang='lat' dir='ltr'>si</span> <span class='ocrx_word' id='word_1_11' title='bbox 339 394 408 471; x_wconf 88' lang='lat' dir='ltr'>quis</span> <span class='ocrx_word' id='word_1_12' title='bbox 423 401 543 457; x_wconf 85' lang='lat' dir='ltr'>vestrae</span> <span class='ocrx_word' id='word_1_13' title='bbox 557 396 634 455; x_wconf 89' lang='lat' dir='ltr'>deus</span> <span class='ocrx_word' id='word_1_14' title='bbox 647 401 731 455; x_wconf 87' lang='lat' dir='ltr'>esset</span> <span class='ocrx_word' id='word_1_15' title='bbox 744 394 868 468; x_wconf 78' lang='lat' dir='ltr'>originis</span> <span class='ocrx_word' id='word_1_16' title='bbox 880 402 1004 470; x_wconf 62' lang='lat' dir='ltr'>auctor,</span> 
     </span>
     <span class='ocr_line' id='line_1_4' title="bbox 166 478 923 554; baseline -0.003 -15"><span class='ocrx_word' id='word_1_17' title='bbox 166 486 219 539; x_wconf 77' lang='lat'>400</span> <span class='ocrx_word' id='word_1_18' title='bbox 272 479 306 537; x_wconf 86' lang='lat' dir='ltr'>In</span> <span class='ocrx_word' id='word_1_19' title='bbox 320 485 382 538; x_wconf 87' lang='lat' dir='ltr'>tam</span> <span class='ocrx_word' id='word_1_20' title='bbox 397 478 555 554; x_wconf 79' lang='lat' dir='ltr'>praecipiti</span> <span class='ocrx_word' id='word_1_21' title='bbox 571 484 706 551; x_wconf 89' lang='lat' dir='ltr'>tempure</span> <span class='ocrx_word' id='word_1_22' title='bbox 720 479 810 538; x_wconf 84' lang='lat' dir='ltr'>ferret</span> <span class='ocrx_word' id='word_1_23' title='bbox 823 493 923 554; x_wconf 88' lang='lat' dir='ltr'>opem.</span> 
     </span>
     <span class='ocr_line' id='line_1_5' title="bbox 228 560 1044 637; baseline -0.004 -14"><span class='ocrx_word' id='word_1_24' title='bbox 228 561 334 623; x_wconf 85' lang='lat' dir='ltr'>Ferret</span> <span class='ocrx_word' id='word_1_25' title='bbox 346 576 436 637; x_wconf 86' lang='lat' dir='ltr'>opem</span> <span class='ocrx_word' id='word_1_26' title='bbox 450 568 546 634; x_wconf 86' lang='lat' dir='ltr'>certe,</span> <span class='ocrx_word' id='word_1_27' title='bbox 563 560 591 620; x_wconf 86' lang='lat' dir='ltr'>si</span> <span class='ocrx_word' id='word_1_28' title='bbox 605 576 666 620; x_wconf 90' lang='lat' dir='ltr'>non</span> <span class='ocrx_word' id='word_1_29' title='bbox 681 575 740 635; x_wconf 85' lang='lat' dir='ltr'>ope</span> <span class='ocrx_word' id='word_1_30' title='bbox 753 567 849 621; x_wconf 84' lang='lat' dir='ltr'>mater</span> <span class='ocrx_word' id='word_1_31' title='bbox 862 568 975 636; x_wconf 81' lang='lat' dir='ltr'>egeret,</span> <span class='ocrx_word' id='word_1_32' title='bbox 1034 620 1044 636; x_wconf 27' lang='grc' dir='ltr'>χ</span> 
     </span>
     <span class='ocr_line' id='line_1_6' title="bbox 175 643 1103 717; baseline 0.001 -13"><span class='ocrx_word' id='word_1_33' title='bbox 175 660 178 665; x_wconf 91' lang='grc'><strong><em>·</em></strong></span> <span class='ocrx_word' id='word_1_34' title='bbox 271 643 353 717; x_wconf 82' lang='lat' dir='ltr'>Quae</span> <span class='ocrx_word' id='word_1_35' title='bbox 369 645 448 705; x_wconf 87' lang='lat' dir='ltr'>lacta</span> <span class='ocrx_word' id='word_1_36' title='bbox 463 650 510 704; x_wconf 87' lang='lat' dir='ltr'>est</span> <span class='ocrx_word' id='word_1_37' title='bbox 523 659 584 702; x_wconf 89' lang='lat' dir='ltr'>uno</span> <span class='ocrx_word' id='word_1_38' title='bbox 599 650 693 703; x_wconf 88' lang='lat' dir='ltr'>mater</span> <span class='ocrx_word' id='word_1_39' title='bbox 707 651 737 703; x_wconf 90' lang='lat' dir='ltr'>et</span> <span class='ocrx_word' id='word_1_40' title='bbox 753 643 828 704; x_wconf 83' lang='lat' dir='ltr'>arba</span> <span class='ocrx_word' id='word_1_41' title='bbox 841 645 901 704; x_wconf 84' lang='lat' dir='ltr'>die.</span> <span class='ocrx_word' id='word_1_42' title='bbox 1097 644 1103 655; x_wconf 89' lang='lat'><strong><em>‘</em></strong></span> 
     </span>
     <span class='ocr_line' id='line_1_7' title="bbox 228 726 1046 802; baseline 0.002 -16"><span class='ocrx_word' id='word_1_43' title='bbox 228 726 304 788; x_wconf 90' lang='lat' dir='ltr'>Nata</span> <span class='ocrx_word' id='word_1_44' title='bbox 318 729 421 802; x_wconf 90' lang='lat' dir='ltr'>simul,</span> <span class='ocrx_word' id='word_1_45' title='bbox 437 727 580 787; x_wconf 85' lang='lat' dir='ltr'>moritura</span> <span class='ocrx_word' id='word_1_46' title='bbox 596 726 700 800; x_wconf 89' lang='lat' dir='ltr'>simul,</span> <span class='ocrx_word' id='word_1_47' title='bbox 716 726 806 788; x_wconf 89' lang='lat' dir='ltr'>simul</span> <span class='ocrx_word' id='word_1_48' title='bbox 818 729 859 787; x_wconf 87' lang='lat' dir='ltr'>ite</span> <span class='ocrx_word' id='word_1_49' title='bbox 872 726 931 788; x_wconf 86' lang='lat' dir='ltr'>sub</span> <span class='ocrx_word' id='word_1_50' title='bbox 944 726 1046 788; x_wconf 86' lang='lat' dir='ltr'>undas</span> 
     </span>
     <span class='ocr_line' id='line_1_8' title="bbox 271 808 919 886; baseline 0.002 -16"><span class='ocrx_word' id='word_1_51' title='bbox 271 809 433 886; x_wconf 85' lang='lat' dir='ltr'>Corporal’</span> <span class='ocrx_word' id='word_1_52' title='bbox 461 808 609 882; x_wconf 80' lang='lat' dir='ltr'>desierat,</span> <span class='ocrx_word' id='word_1_53' title='bbox 623 810 827 885; x_wconf 86' lang='lat' dir='ltr'>deposuitque</span> <span class='ocrx_word' id='word_1_54' title='bbox 841 810 919 871; x_wconf 82' lang='lat' dir='ltr'>sinu.</span> 
     </span>
     <span class='ocr_line' id='line_1_9' title="bbox 164 892 949 968; baseline -0.003 -15"><span class='ocrx_word' id='word_1_55' title='bbox 164 894 215 953; x_wconf 79' lang='lat'>405</span> <span class='ocrx_word' id='word_1_56' title='bbox 229 894 395 968; x_wconf 79' lang='lat' dir='ltr'>vagierunt</span> <span class='ocrx_word' id='word_1_57' title='bbox 409 892 498 952; x_wconf 88' lang='lat' dir='ltr'>ambo</span> <span class='ocrx_word' id='word_1_58' title='bbox 516 893 638 968; x_wconf 88' lang='lat' dir='ltr'>pariter.</span> <span class='ocrx_word' id='word_1_59' title='bbox 665 893 802 954; x_wconf 78' lang='lat' dir='ltr'>sensisse</span> <span class='ocrx_word' id='word_1_60' title='bbox 815 901 949 968; x_wconf 85' lang='lat' dir='ltr'>putares.</span> 
     </span>
     <span class='ocr_line' id='line_1_10' title="bbox 168 975 854 1051; baseline -0.003 -15"><span class='ocrx_word' id='word_1_61' title='bbox 168 1009 177 1027; x_wconf 58' lang='grc' dir='ltr'><em>ι</em></span> <span class='ocrx_word' id='word_1_62' title='bbox 267 976 306 1036; x_wconf 89' lang='lat' dir='ltr'>Hi</span> <span class='ocrx_word' id='word_1_63' title='bbox 319 975 446 1036; x_wconf 87' lang='lat' dir='ltr'>redeunt</span> <span class='ocrx_word' id='word_1_64' title='bbox 459 976 529 1035; x_wconf 88' lang='lat' dir='ltr'>udis</span> <span class='ocrx_word' id='word_1_65' title='bbox 548 975 579 1034; x_wconf 88' lang='lat' dir='ltr'>in</span> <span class='ocrx_word' id='word_1_66' title='bbox 594 991 651 1037; x_wconf 90' lang='lat' dir='ltr'>sua</span> <span class='ocrx_word' id='word_1_67' title='bbox 663 981 744 1036; x_wconf 89' lang='lat' dir='ltr'>tecta</span> <span class='ocrx_word' id='word_1_68' title='bbox 757 979 854 1051; x_wconf 76' lang='lat' dir='ltr'>genis.</span> 
     </span>
     <span class='ocr_line' id='line_1_11' title="bbox 229 1057 1008 1134; baseline -0.001 -14"><span class='ocrx_word' id='word_1_69' title='bbox 229 1059 364 1120; x_wconf 84' lang='lat' dir='ltr'>Sustinet</span> <span class='ocrx_word' id='word_1_70' title='bbox 376 1057 668 1134; x_wconf 84' lang='lat' dir='ltr'>impositcssmnma</span> <span class='ocrx_word' id='word_1_71' title='bbox 685 1074 780 1119; x_wconf 88' lang='lat' dir='ltr'>cavus</span> <span class='ocrx_word' id='word_1_72' title='bbox 793 1060 899 1121; x_wconf 89' lang='lat' dir='ltr'>alveus</span> <span class='ocrx_word' id='word_1_73' title='bbox 913 1057 1008 1121; x_wconf 85' lang='lat' dir='ltr'>unda.</span> 
     </span>
     <span class='ocr_line' id='line_1_12' title="bbox 266 1141 951 1218; baseline -0.001 -18"><span class='ocrx_word' id='word_1_74' title='bbox 266 1142 339 1201; x_wconf 88' lang='lat' dir='ltr'>Heu</span> <span class='ocrx_word' id='word_1_75' title='bbox 350 1142 561 1216; x_wconf 67' lang='lat' dir='ltr'>quantum‘iati</span> <span class='ocrx_word' id='word_1_76' title='bbox 573 1157 670 1218; x_wconf 85' lang='lat' dir='ltr'>parva</span> <span class='ocrx_word' id='word_1_77' title='bbox 684 1141 794 1202; x_wconf 83' lang='lat' dir='ltr'>tabella</span> <span class='ocrx_word' id='word_1_78' title='bbox 807 1142 887 1203; x_wconf 86' lang='lat' dir='ltr'>tulltt</span> <span class='ocrx_word' id='word_1_79' title='bbox 948 1188 951 1199; x_wconf 22' lang='grc' dir='ltr'><strong>Α</strong></span> 
     </span>
     <span class='ocr_line' id='line_1_13' title="bbox 228 1223 860 1301; baseline 0.002 -16"><span class='ocrx_word' id='word_1_80' title='bbox 228 1227 344 1285; x_wconf 88' lang='lat' dir='ltr'>Alveus</span> <span class='ocrx_word' id='word_1_81' title='bbox 359 1223 390 1284; x_wconf 91' lang='lat' dir='ltr'>in</span> <span class='ocrx_word' id='word_1_82' title='bbox 403 1225 473 1284; x_wconf 90' lang='lat' dir='ltr'>limu</span> <span class='ocrx_word' id='word_1_83' title='bbox 488 1225 574 1285; x_wconf 88' lang='lat' dir='ltr'>silvis</span> <span class='ocrx_word' id='word_1_84' title='bbox 588 1225 737 1300; x_wconf 90' lang='lat' dir='ltr'>adpulsus</span> <span class='ocrx_word' id='word_1_85' title='bbox 754 1226 860 1301; x_wconf 85' lang='lat' dir='ltr'>opacis</span> 
     </span>
     <span class='ocr_line' id='line_1_14' title="bbox 164 1307 806 1370; baseline -0.002 -1"><span class='ocrx_word' id='word_1_86' title='bbox 164 1314 216 1369; x_wconf 80' lang='lat'>410</span> <span class='ocrx_word' id='word_1_87' title='bbox 267 1307 413 1368; x_wconf 81' lang='lat' dir='ltr'>Paulatim</span> <span class='ocrx_word' id='word_1_88' title='bbox 426 1308 522 1369; x_wconf 85' lang='lat' dir='ltr'>fluvio</span> <span class='ocrx_word' id='word_1_89' title='bbox 537 1308 696 1369; x_wconf 83' lang='lat' dir='ltr'>deficiente</span> <span class='ocrx_word' id='word_1_90' title='bbox 710 1309 806 1370; x_wconf 88' lang='lat' dir='ltr'>sedet</span> 
     </span>
     <span class='ocr_line' id='line_1_15' title="bbox 225 1389 1061 1468; baseline 0.002 -17"><span class='ocrx_word' id='word_1_91' title='bbox 225 1389 326 1451; x_wconf 81' lang='lat' dir='ltr'><strong>Arbor</strong></span> <span class='ocrx_word' id='word_1_92' title='bbox 342 1398 415 1452; x_wconf 89' lang='lat' dir='ltr'>erat.</span> <span class='ocrx_word' id='word_1_93' title='bbox 443 1398 599 1452; x_wconf 88' lang='lat' dir='ltr'>remanent</span> <span class='ocrx_word' id='word_1_94' title='bbox 612 1391 750 1466; x_wconf 73' lang='lat' dir='ltr'>vestigia.</span> <span class='ocrx_word' id='word_1_95' title='bbox 776 1407 917 1468; x_wconf 87' lang='lat' dir='ltr'>quaeque</span> <span class='ocrx_word' id='word_1_96' title='bbox 937 1399 1061 1454; x_wconf 87' lang='lat' dir='ltr'>vocatur</span> 
     </span>
     <span class='ocr_line' id='line_1_16' title="bbox 265 1467 918 1550; baseline -0.002 -15"><span class='ocrx_word' id='word_1_97' title='bbox 265 1467 396 1535; x_wconf 83' lang='lat' dir='ltr'>Rumina</span> <span class='ocrx_word' id='word_1_98' title='bbox 408 1489 489 1535; x_wconf 90' lang='lat' dir='ltr'>nunc</span> <span class='ocrx_word' id='word_1_99' title='bbox 501 1475 595 1550; x_wconf 88' lang='lat' dir='ltr'>ficus,</span> <span class='ocrx_word' id='word_1_100' title='bbox 610 1475 738 1535; x_wconf 88' lang='lat' dir='ltr'>Romula</span> <span class='ocrx_word' id='word_1_101' title='bbox 751 1475 829 1535; x_wconf 83' lang='lat' dir='ltr'>licus</span> <span class='ocrx_word' id='word_1_102' title='bbox 844 1482 918 1537; x_wconf 89' lang='lat' dir='ltr'>erat.</span> 
     </span>
     <span class='ocr_line' id='line_1_17' title="bbox 225 1557 1091 1634; baseline 0.002 -18"><span class='ocrx_word' id='word_1_103' title='bbox 225 1558 317 1617; x_wconf 90' lang='lat' dir='ltr'>Venit</span> <span class='ocrx_word' id='word_1_104' title='bbox 330 1557 371 1617; x_wconf 91' lang='lat' dir='ltr'>ad</span> <span class='ocrx_word' id='word_1_105' title='bbox 384 1559 572 1634; x_wconf 86' lang='lat' dir='ltr'>expositos...</span> <span class='ocrx_word' id='word_1_106' title='bbox 588 1558 741 1618; x_wconf 84' lang='lat' dir='ltr'>mirumt...</span> <span class='ocrx_word' id='word_1_107' title='bbox 754 1560 827 1634; x_wconf 83' lang='lat' dir='ltr'>lupa</span> <span class='ocrx_word' id='word_1_108' title='bbox 841 1559 923 1625; x_wconf 83' lang='lat' dir='ltr'>foeta</span> <span class='ocrx_word' id='word_1_109' title='bbox 935 1558 1091 1633; x_wconf 80' lang='lat' dir='ltr'>gemellas.</span> 
     </span>
     <span class='ocr_line' id='line_1_18' title="bbox 266 1640 943 1717; baseline 0.006 -18"><span class='ocrx_word' id='word_1_110' title='bbox 266 1640 340 1715; x_wconf 80' lang='lat' dir='ltr'>Quis</span> <span class='ocrx_word' id='word_1_111' title='bbox 355 1642 458 1701; x_wconf 83' lang='lat' dir='ltr'>credat</span> <span class='ocrx_word' id='word_1_112' title='bbox 471 1641 575 1717; x_wconf 90' lang='lat' dir='ltr'>pueris</span> <span class='ocrx_word' id='word_1_113' title='bbox 589 1641 809 1702; x_wconf 85' lang='lat' dir='ltr'>nonnocuisse</span> <span class='ocrx_word' id='word_1_114' title='bbox 828 1643 943 1703; x_wconf 84' lang='lat' dir='ltr'>feramt</span> 
     </span>
     <span class='ocr_line' id='line_1_19' title="bbox 164 1724 1149 1802; baseline -0.005 -12"><span class='ocrx_word' id='word_1_115' title='bbox 164 1735 215 1790; x_wconf 82' lang='lat'>415</span> <span class='ocrx_word' id='word_1_116' title='bbox 229 1725 295 1786; x_wconf 86' lang='lat' dir='ltr'>Nun</span> <span class='ocrx_word' id='word_1_117' title='bbox 309 1724 454 1785; x_wconf 89' lang='lat' dir='ltr'>nocuisse</span> <span class='ocrx_word' id='word_1_118' title='bbox 468 1741 577 1800; x_wconf 87' lang='lat' dir='ltr'>parum</span> <span class='ocrx_word' id='word_1_119' title='bbox 596 1731 651 1795; x_wconf 78' lang='lat' dir='ltr'>est.</span> <span class='ocrx_word' id='word_1_120' title='bbox 674 1725 804 1801; x_wconf 83' lang='lat' dir='ltr'>prodest</span> <span class='ocrx_word' id='word_1_121' title='bbox 818 1742 961 1802; x_wconf 63' lang='lat' dir='ltr'>quoque„</span> <span class='ocrx_word' id='word_1_122' title='bbox 978 1740 1058 1802; x_wconf 85' lang='lat' dir='ltr'>quos</span> <span class='ocrx_word' id='word_1_123' title='bbox 1071 1726 1149 1801; x_wconf 85' lang='lat' dir='ltr'>lupa</span> 
     </span>
     <span class='ocr_line' id='line_1_20' title="bbox 776 1809 874 1883; baseline -0.01 -14"><span class='ocrx_word' id='word_1_124' title='bbox 776 1809 874 1883; x_wconf 88' lang='lat' dir='ltr'>nutrit,</span> 
     </span>
     <span class='ocr_line' id='line_1_21' title="bbox 263 1890 876 1965; baseline 0.002 -15"><span class='ocrx_word' id='word_1_125' title='bbox 263 1890 395 1950; x_wconf 82' lang='lat' dir='ltr'>Perdere</span> <span class='ocrx_word' id='word_1_126' title='bbox 408 1898 555 1965; x_wconf 79' lang='lat' dir='ltr'>cognatae</span> <span class='ocrx_word' id='word_1_127' title='bbox 567 1891 739 1951; x_wconf 85' lang='lat' dir='ltr'>sustinuere</span> <span class='ocrx_word' id='word_1_128' title='bbox 753 1899 876 1953; x_wconf 79' lang='lat' dir='ltr'>manus!</span> 
     </span>
     <span class='ocr_line' id='line_1_22' title="bbox 228 1973 980 2050; baseline 0.001 -14"><span class='ocrx_word' id='word_1_129' title='bbox 228 1974 379 2047; x_wconf 81' lang='lat' dir='ltr'>Constitit,</span> <span class='ocrx_word' id='word_1_130' title='bbox 394 1982 425 2035; x_wconf 89' lang='lat' dir='ltr'>et</span> <span class='ocrx_word' id='word_1_131' title='bbox 440 1975 663 2037; x_wconf 85' lang='lat' dir='ltr'>caudateneris</span> <span class='ocrx_word' id='word_1_132' title='bbox 677 1973 828 2036; x_wconf 77' lang='lat' dir='ltr'>blanditur</span> <span class='ocrx_word' id='word_1_133' title='bbox 842 1976 980 2050; x_wconf 87' lang='lat' dir='ltr'>alumnis,</span> 
     </span>
     <span class='ocr_line' id='line_1_23' title="bbox 266 2056 825 2134; baseline 0 -18"><span class='ocrx_word' id='word_1_134' title='bbox 266 2057 304 2117; x_wconf 85' lang='lat' dir='ltr'>Et</span> <span class='ocrx_word' id='word_1_135' title='bbox 316 2056 402 2131; x_wconf 85' lang='lat' dir='ltr'>fingit</span> <span class='ocrx_word' id='word_1_136' title='bbox 415 2056 517 2131; x_wconf 82' lang='lat' dir='ltr'>lingua</span> <span class='ocrx_word' id='word_1_137' title='bbox 531 2072 663 2134; x_wconf 88' lang='lat' dir='ltr'>corpora</span> <span class='ocrx_word' id='word_1_138' title='bbox 674 2057 746 2116; x_wconf 91' lang='lat' dir='ltr'>bina</span> <span class='ocrx_word' id='word_1_139' title='bbox 759 2074 825 2118; x_wconf 89' lang='lat' dir='ltr'>sua.</span> 
     </span>
     <span class='ocr_line' id='line_1_24' title="bbox 227 2139 1107 2216; baseline 0.005 -16"><span class='ocrx_word' id='word_1_140' title='bbox 227 2139 325 2200; x_wconf 89' lang='lat' dir='ltr'>Marta</span> <span class='ocrx_word' id='word_1_141' title='bbox 341 2147 424 2200; x_wconf 85' lang='lat' dir='ltr'>satos</span> <span class='ocrx_word' id='word_1_142' title='bbox 440 2142 547 2201; x_wconf 80' lang='lat' dir='ltr'>scires.</span> <span class='ocrx_word' id='word_1_143' title='bbox 575 2142 664 2201; x_wconf 83' lang='lat' dir='ltr'>timer</span> <span class='ocrx_word' id='word_1_144' title='bbox 677 2141 761 2201; x_wconf 83' lang='lat' dir='ltr'>aluit.</span> <span class='ocrx_word' id='word_1_145' title='bbox 789 2141 883 2203; x_wconf 86' lang='lat' dir='ltr'>ubera</span> <span class='ocrx_word' id='word_1_146' title='bbox 898 2141 1020 2216; x_wconf 82' lang='lat' dir='ltr'>ducunt,</span> <span class='ocrx_word' id='word_1_147' title='bbox 1105 2158 1107 2164; x_wconf 90' lang='lat'>·</span> 
     </span>
     <span class='ocr_line' id='line_1_25' title="bbox 164 2221 881 2301; baseline 0 -16"><span class='ocrx_word' id='word_1_148' title='bbox 164 2229 217 2285; x_wconf 67' lang='lat'>42⁰</span> <span class='ocrx_word' id='word_1_149' title='bbox 270 2222 333 2280; x_wconf 89' lang='lat' dir='ltr'>Nec</span> <span class='ocrx_word' id='word_1_150' title='bbox 347 2221 406 2281; x_wconf 90' lang='lat' dir='ltr'>sibi</span> <span class='ocrx_word' id='word_1_151' title='bbox 419 2222 562 2298; x_wconf 84' lang='lat' dir='ltr'>premissi</span> <span class='ocrx_word' id='word_1_152' title='bbox 575 2225 662 2284; x_wconf 86' lang='lat' dir='ltr'>laetis</span> <span class='ocrx_word' id='word_1_153' title='bbox 677 2225 797 2285; x_wconf 91' lang='lat' dir='ltr'>aluntur</span> <span class='ocrx_word' id='word_1_154' title='bbox 812 2241 881 2301; x_wconf 75' lang='lat' dir='ltr'>cpe,</span> 
     </span>
     <span class='ocr_line' id='line_1_26' title="bbox 226 2306 930 2384; baseline 0 -18"><span class='ocrx_word' id='word_1_155' title='bbox 226 2306 281 2366; x_wconf 86' lang='lat' dir='ltr'>llla</span> <span class='ocrx_word' id='word_1_156' title='bbox 294 2307 363 2364; x_wconf 87' lang='lat' dir='ltr'>luco</span> <span class='ocrx_word' id='word_1_157' title='bbox 378 2321 487 2366; x_wconf 87' lang='lat' dir='ltr'>namen</span> <span class='ocrx_word' id='word_1_158' title='bbox 503 2307 587 2379; x_wconf 88' lang='lat' dir='ltr'>lecit,</span> <span class='ocrx_word' id='word_1_159' title='bbox 603 2308 689 2369; x_wconf 83' lang='lat' dir='ltr'>lucus</span> <span class='ocrx_word' id='word_1_160' title='bbox 705 2307 776 2382; x_wconf 87' lang='lat' dir='ltr'>ipse</span> <span class='ocrx_word' id='word_1_161' title='bbox 787 2309 930 2384; x_wconf 85' lang='lat' dir='ltr'>lupercis.</span> 
     </span>
     <span class='ocr_line' id='line_1_27' title="bbox 264 2387 927 2466; baseline 0.009 -18"><span class='ocrx_word' id='word_1_162' title='bbox 264 2387 381 2463; x_wconf 83' lang='lat' dir='ltr'>Magna</span> <span class='ocrx_word' id='word_1_163' title='bbox 389 2388 451 2448; x_wconf 89' lang='lat' dir='ltr'>dati</span> <span class='ocrx_word' id='word_1_164' title='bbox 465 2389 566 2451; x_wconf 85' lang='lat' dir='ltr'>nutrix</span> <span class='ocrx_word' id='word_1_165' title='bbox 578 2391 712 2466; x_wconf 87' lang='lat' dir='ltr'>praemia</span> <span class='ocrx_word' id='word_1_166' title='bbox 727 2391 813 2451; x_wconf 90' lang='lat' dir='ltr'>lactis</span> <span class='ocrx_word' id='word_1_167' title='bbox 826 2391 927 2455; x_wconf 85' lang='lat' dir='ltr'>habet</span> 
     </span>
     <span class='ocr_line' id='line_1_28' title="bbox 226 2471 981 2550; baseline 0.001 -17"><span class='ocrx_word' id='word_1_168' title='bbox 226 2471 304 2548; x_wconf 78' lang='lat' dir='ltr'>Quid</span> <span class='ocrx_word' id='word_1_169' title='bbox 316 2477 399 2533; x_wconf 88' lang='lat' dir='ltr'>vetat</span> <span class='ocrx_word' id='word_1_170' title='bbox 410 2473 543 2534; x_wconf 83' lang='lat' dir='ltr'>Arcadia</span> <span class='ocrx_word' id='word_1_171' title='bbox 559 2473 657 2535; x_wconf 88' lang='lat' dir='ltr'>dictos</span> <span class='ocrx_word' id='word_1_172' title='bbox 671 2481 803 2537; x_wconf 87' lang='lat' dir='ltr'>amente</span> <span class='ocrx_word' id='word_1_173' title='bbox 817 2476 981 2550; x_wconf 78' lang='lat' dir='ltr'>lupercost</span> 
     </span>
     <span class='ocr_line' id='line_1_29' title="bbox 267 2555 980 2635; baseline 0.004 -20"><span class='ocrx_word' id='word_1_174' title='bbox 267 2555 396 2617; x_wconf 83' lang='lat' dir='ltr'>Faunus·</span> <span class='ocrx_word' id='word_1_175' title='bbox 410 2555 440 2615; x_wconf 93' lang='lat' dir='ltr'>in</span> <span class='ocrx_word' id='word_1_176' title='bbox 454 2556 587 2619; x_wconf 82' lang='lat' dir='ltr'>Arcadia</span> <span class='ocrx_word' id='word_1_177' title='bbox 600 2558 712 2632; x_wconf 88' lang='lat' dir='ltr'>templa</span> <span class='ocrx_word' id='word_1_178' title='bbox 725 2557 865 2635; x_wconf 70' lang='lat' dir='ltr'>Lycaeus</span> <span class='ocrx_word' id='word_1_179' title='bbox 879 2558 980 2619; x_wconf 81' lang='lat' dir='ltr'>habet</span> 
     </span>
     <span class='ocr_line' id='line_1_30' title="bbox 163 2636 1066 2718; baseline 0.006 -21"><span class='ocrx_word' id='word_1_180' title='bbox 163 2642 214 2697; x_wconf 73' lang='lat'>425</span> <span class='ocrx_word' id='word_1_181' title='bbox 228 2636 341 2714; x_wconf 80' lang='lat' dir='ltr'>Nupta,</span> <span class='ocrx_word' id='word_1_182' title='bbox 356 2638 430 2713; x_wconf 84' lang='lat' dir='ltr'>quid</span> <span class='ocrx_word' id='word_1_183' title='bbox 443 2646 610 2714; x_wconf 78' lang='lat' dir='ltr'>expertast</span> <span class='ocrx_word' id='word_1_184' title='bbox 636 2656 698 2703; x_wconf 86' lang='lat' dir='ltr'>non</span> <span class='ocrx_word' id='word_1_185' title='bbox 711 2646 745 2703; x_wconf 89' lang='lat' dir='ltr'>tu</span> <span class='ocrx_word' id='word_1_186' title='bbox 757 2642 940 2715; x_wconf 85' lang='lat' dir='ltr'>pellentibus</span> <span class='ocrx_word' id='word_1_187' title='bbox 953 2641 1066 2718; x_wconf 85' lang='lat' dir='ltr'>herbis,</span> 
     </span>
     <span class='ocr_line' id='line_1_31' title="bbox 267 2720 993 2798; baseline 0.006 -17"><span class='ocrx_word' id='word_1_188' title='bbox 267 2721 329 2781; x_wconf 88' lang='lat' dir='ltr'>Nec</span> <span class='ocrx_word' id='word_1_189' title='bbox 342 2733 451 2797; x_wconf 85' lang='lat' dir='ltr'>prece,</span> <span class='ocrx_word' id='word_1_190' title='bbox 463 2720 520 2785; x_wconf 84' lang='lat' dir='ltr'>nec</span> <span class='ocrx_word' id='word_1_191' title='bbox 533 2723 651 2798; x_wconf 81' lang='lat' dir='ltr'>magice</span> <span class='ocrx_word' id='word_1_192' title='bbox 664 2723 796 2785; x_wconf 81' lang='lat' dir='ltr'>carmine</span> <span class='ocrx_word' id='word_1_193' title='bbox 815 2732 909 2787; x_wconf 88' lang='lat' dir='ltr'>mater</span> <span class='ocrx_word' id='word_1_194' title='bbox 923 2725 993 2785; x_wconf 89' lang='lat' dir='ltr'>eris.</span> 
     </span>
     <span class='ocr_line' id='line_1_32' title="bbox 226 2804 973 2881; baseline 0.004 -18"><span class='ocrx_word' id='word_1_195' title='bbox 226 2804 341 2877; x_wconf 84' lang='lat' dir='ltr'>Excipe</span> <span class='ocrx_word' id='word_1_196' title='bbox 356 2805 524 2867; x_wconf 80' lang='lat' dir='ltr'>foecundae</span> <span class='ocrx_word' id='word_1_197' title='bbox 538 2808 686 2881; x_wconf 85' lang='lat' dir='ltr'>patienter</span> <span class='ocrx_word' id='word_1_198' title='bbox 699 2806 973 2880; x_wconf 81' lang='lat' dir='ltr'>verberedextrae,</span> 
     </span>
     <span class='ocr_line' id='line_1_33' title="bbox 266 2887 880 2963; baseline 0.007 -18"><span class='ocrx_word' id='word_1_199' title='bbox 266 2887 331 2949; x_wconf 86' lang='lat' dir='ltr'>Iam</span> <span class='ocrx_word' id='word_1_200' title='bbox 342 2902 432 2947; x_wconf 86' lang='lat' dir='ltr'>socer</span> <span class='ocrx_word' id='word_1_201' title='bbox 450 2889 544 2963; x_wconf 85' lang='lat' dir='ltr'>optati</span> <span class='ocrx_word' id='word_1_202' title='bbox 558 2904 669 2953; x_wconf 88' lang='lat' dir='ltr'>nomen</span> <span class='ocrx_word' id='word_1_203' title='bbox 684 2889 807 2951; x_wconf 86' lang='lat' dir='ltr'>habehit</span> <span class='ocrx_word' id='word_1_204' title='bbox 821 2891 880 2951; x_wconf 91' lang='lat' dir='ltr'>avi.</span> 
     </span>
     <span class='ocr_line' id='line_1_34' title="bbox 225 2966 936 3045; baseline 0.006 -17"><span class='ocrx_word' id='word_1_205' title='bbox 225 2966 300 3029; x_wconf 85' lang='lat' dir='ltr'>Nam</span> <span class='ocrx_word' id='word_1_206' title='bbox 315 2969 372 3028; x_wconf 88' lang='lat' dir='ltr'>luit</span> <span class='ocrx_word' id='word_1_207' title='bbox 383 2969 435 3033; x_wconf 79' lang='lat' dir='ltr'>ula</span> <span class='ocrx_word' id='word_1_208' title='bbox 445 2970 527 3045; x_wconf 89' lang='lat' dir='ltr'>dies,</span> <span class='ocrx_word' id='word_1_209' title='bbox 543 2971 700 3037; x_wconf 83' lang='lat' dir='ltr'>duracunt</span> <span class='ocrx_word' id='word_1_210' title='bbox 714 2974 936 3035; x_wconf 27' lang='lat' dir='ltr'>sunesmaritae</span> 
     </span>
     <span class='ocr_line' id='line_1_35' title="bbox 162 3050 831 3130; baseline 0.003 -18"><span class='ocrx_word' id='word_1_211' title='bbox 162 3061 214 3118; x_wconf 75' lang='lat' dir='ltr'>aec</span> <span class='ocrx_word' id='word_1_212' title='bbox 266 3050 448 3113; x_wconf 86' lang='lat' dir='ltr'>Reddebant</span> <span class='ocrx_word' id='word_1_213' title='bbox 460 3055 537 3113; x_wconf 88' lang='lat' dir='ltr'>uteri</span> <span class='ocrx_word' id='word_1_214' title='bbox 550 3055 678 3130; x_wconf 76' lang='lat' dir='ltr'>pignera</span> <span class='ocrx_word' id='word_1_215' title='bbox 691 3072 760 3117; x_wconf 86' lang='lat' dir='ltr'>rara</span> <span class='ocrx_word' id='word_1_216' title='bbox 774 3056 831 3123; x_wconf 66' lang='lat' dir='ltr'>suit</span> 
     </span>
     <span class='ocr_line' id='line_1_36' title="bbox 227 3134 1047 3214; baseline 0.006 -18"><span class='ocrx_word' id='word_1_217' title='bbox 227 3135 318 3210; x_wconf 73' lang='lat' dir='ltr'>‘Quid</span> <span class='ocrx_word' id='word_1_218' title='bbox 330 3134 414 3194; x_wconf 87' lang='lat' dir='ltr'>mihi’</span> <span class='ocrx_word' id='word_1_219' title='bbox 430 3135 578 3201; x_wconf 84' lang='lat' dir='ltr'>clamabat</span> <span class='ocrx_word' id='word_1_220' title='bbox 591 3139 729 3214; x_wconf 76' lang='lat' dir='ltr'>‘prodest</span> <span class='ocrx_word' id='word_1_221' title='bbox 738 3141 884 3213; x_wconf 69' lang='lat' dir='ltr'>,rapuisse</span> <span class='ocrx_word' id='word_1_222' title='bbox 895 3136 1047 3214; x_wconf 59' lang='lat' dir='ltr'>Sabinas?</span> 
     </span>
     <span class='ocr_line' id='line_1_37' title="bbox 267 3218 949 3296; baseline 0 -18"><span class='ocrx_word' id='word_1_223' title='bbox 267 3218 444 3283; x_wconf 86' lang='lat' dir='ltr'>Romulus...</span> <span class='ocrx_word' id='word_1_224' title='bbox 458 3219 517 3281; x_wconf 87' lang='lat' dir='ltr'>hcc</span> <span class='ocrx_word' id='word_1_225' title='bbox 531 3220 586 3281; x_wconf 82' lang='lat' dir='ltr'>illu</span> <span class='ocrx_word' id='word_1_226' title='bbox 597 3229 720 3296; x_wconf 87' lang='lat' dir='ltr'>sceptra</span> <span class='ocrx_word' id='word_1_227' title='bbox 732 3228 854 3281; x_wconf 89' lang='lat' dir='ltr'>tenente</span> <span class='ocrx_word' id='word_1_228' title='bbox 865 3221 949 3283; x_wconf 88' lang='lat' dir='ltr'>luit...</span> 
     </span>
    </p>
   </div>
   <div class='ocr_carea' id='block_1_3' title="bbox 227 3296 970 3453">
    <p class='ocr_par' dir='ltr' id='par_1_3' title="bbox 227 3296 970 3453">
     <span class='ocr_line' id='line_1_38' title="bbox 227 3296 970 3375; baseline 0.004 -15"><span class='ocrx_word' id='word_1_229' title='bbox 227 3299 272 3360; x_wconf 72' lang='lat' dir='ltr'>‘Si</span> <span class='ocrx_word' id='word_1_230' title='bbox 287 3315 355 3359; x_wconf 89' lang='lat' dir='ltr'>mea</span> <span class='ocrx_word' id='word_1_231' title='bbox 369 3317 430 3367; x_wconf 86' lang='lat' dir='ltr'>neu</span> <span class='ocrx_word' id='word_1_232' title='bbox 443 3302 614 3375; x_wconf 78' lang='lat' dir='ltr'>vires„sed</span> <span class='ocrx_word' id='word_1_233' title='bbox 623 3296 736 3371; x_wconf 78' lang='lat' dir='ltr'>ballum</span> <span class='ocrx_word' id='word_1_234' title='bbox 751 3304 860 3367; x_wconf 89' lang='lat' dir='ltr'>iniuria</span> <span class='ocrx_word' id='word_1_235' title='bbox 878 3304 970 3366; x_wconf 72' lang='lat' dir='ltr'>leuitt</span> 
     </span>
     <span class='ocr_line' id='line_1_39' title="bbox 266 3382 849 3453; baseline -0.002 -9"><span class='ocrx_word' id='word_1_236' title='bbox 266 3382 374 3445; x_wconf 90' lang='lat' dir='ltr'>Utilius</span> <span class='ocrx_word' id='word_1_237' title='bbox 390 3385 486 3453; x_wconf 85' lang='lat' dir='ltr'>fuerat</span> <span class='ocrx_word' id='word_1_238' title='bbox 498 3400 560 3451; x_wconf 86' lang='lat' dir='ltr'>nen</span> <span class='ocrx_word' id='word_1_239' title='bbox 573 3386 720 3451; x_wconf 89' lang='lat' dir='ltr'>habuisse</span> <span class='ocrx_word' id='word_1_240' title='bbox 732 3390 849 3444; x_wconf 82' lang='lat' dir='ltr'>nurus.²</span> 
     </span>
    </p>
   </div>
   <div class='ocr_carea' id='block_1_4' title="bbox 0 0 1306 3816">
    <p class='ocr_par' dir='ltr' id='par_1_4' title="bbox 0 0 1306 3816">
     <span class='ocr_line' id='line_1_40' title="bbox 0 0 1306 3816; baseline 0 1"><span class='ocrx_word' id='word_1_241' title='bbox 0 0 1306 3816; x_wconf 95' lang='lat' dir='ltr'> </span> 
     </span>
    </p>
   </div>
  </div>
 </body>
</html>
