2598 3812
565 217 595 258 v.
618 196 729 262 l-de.

268 349 727 427 iunctaquqcumlunalumiaa
740 350 953 417 solia-emna-
985 396 987 399 v

225 431 361 509 Parsque
376 434 484 495 eadem
498 435 574 497 caeli
588 433 742 511 zephyros
757 436 869 497 emittet
882 444 912 499 et
925 453 1025 513 euros,
1121 432 1126 447 '

266 518 303 579 Et
316 517 437 593 tepidus
452 519 553 592 gelido
571 517 657 578 flabit
670 518 708 577 ab
725 534 783 578 axe
796 526 902 581 notus:

183 598 356 665 cellanova
370 600 501 671 fraterno
515 601 617 662 veniet
631 603 795 662 concordia
810 603 902 678 inmo,
943 596 945 603 ’
987 648 989 653 ,

267 684 361 758 Quem
376 691 462 744 vetus
477 700 608 745 accensa
624 692 746 760 separat
761 686 804 745 ira
818 702 912 764 pyra:

224 767 261 829 Et
276 783 329 827 ver
343 774 493 840 autumno,
514 767 639 827 brumae
653 767 826 828 miscebitur
840 776 952 843 aestas,
971 816 973 821 .

265 851 368 926 Atque
382 850 490 910 eadem
505 851 593 925 regio¹
604 847 717 925 vesper
730 857 760 911 et
774 858 856 913 ortus
872 852 943 912 erit:

224 933 317 1008 Quam
333 933 406 992 mibi
421 934 460 994 sil
473 941 572 994 tecum
585 934 703 1008 positis,
727 950 806 1010 quae
821 935 1015 1011 sumpsimus
1035 940 1125 997 armis

182 1025 217 1080 40
269 1015 378 1090 Gratia,
400 1017 580 1089 commissis,
602 1016 858 1093 improbarentur
872 1019 947 1079 tuis:

224 1099 318 1173 Quam
332 1100 421 1159 dolor
434 1100 483 1159 hic
496 1115 639 1174 umquam
653 1099 753 1174 spatio
768 1115 954 1163 evanescere
967 1105 1074 1180 possit,

263 1183 369 1242 Leniat
383 1189 434 1242 aut
448 1183 551 1243 odium
565 1189 685 1257 tempus
701 1188 731 1241 et
744 1180 820 1243 hora
836 1200 946 1259 meum.

222 1264 285 1327 Pax
299 1265 445 1325 erithace
460 1266 557 1338 nobis,
580 1266 679 1327 donec
694 1264 766 1324 milri
782 1267 842 1326 vita
855 1269 994 1341 manebit,
1060 1339 1062 1343 ,

264 1348 337 1409 Cum
350 1364 462 1424 pecore
475 1349 593 1409 infirmo
610 1364 689 1424 quae
703 1348 781 1408 solet
796 1364 867 1411 esse
880 1351 972 1427 lupis.

179 1444 215 1498 45
224 1432 322 1493 Prima
337 1433 459 1509 quidem
474 1440 583 1509 coepto
599 1433 781 1493 committam
793 1435 911 1510 proelia
923 1450 1033 1498 uersu:

263 1517 330 1577 Non
344 1518 462 1577 soleant
476 1517 615 1593 quamvis
630 1516 689 1577 hoc
703 1516 876 1592 pedebella
888 1519 962 1598 geri.

221 1599 321 1675 thue
335 1601 409 1676 petit
422 1600 519 1676 primo
534 1601 657 1675 plenum
671 1598 810 1660 flaventis
825 1615 936 1663 menae

262 1683 402 1743 Nondum
416 1682 535 1745 calfacti
549 1682 651 1742 militis
666 1681 754 1743 hasta
769 1684 883 1743 solum:

100 1821 103 1825 .
221 1764 273 1827 Sic
287 1781 344 1841 ego
358 1773 388 1826 te
402 1767 535 1826 nondum
550 1766 629 1825 ferro
645 1765 801 1826 iaculabor
814 1774 913 1837 acuto,

179 1861 214 1914 50
265 1848 403 1909 Protinus
417 1848 548 1910 invisum
561 1864 618 1909 nec
630 1857 713 1926 petet
725 1847 815 1913 hasla
827 1853 933 1924 capua
964 1924 966 1926 Ψ

219 1933 256 1993 Et
270 1947 370 2008 neque
383 1948 493 1993 nomen
509 1933 540 1992 in
553 1933 622 2006 hoc,
645 1949 702 1992 nec
716 1932 815 1992 dicam
829 1933 909 1998 lacta
921 1930 1042 1994 libello:¹
1143 1996 1149 2013 ,

260 2016 364 2090 Teque
378 2015 472 2089 brevi,
496 2016 547 2092 qui
561 2016 614 2089 sis,
638 2016 829 2077 dissimulare
843 2016 949 2079 sinam

218 2097 392 2172 Postmodo,
414 2100 441 2158 si
457 2114 577 2174 perges,
598 2098 629 2159 iu
642 2105 673 2158 te
686 2099 758 2163 mihi
772 2099 848 2160 liber
861 2097 978 2162 iambus

259 2182 363 2241 Tincta
375 2181 547 2258 Lycambeo
563 2182 711 2257 sanguine
724 2183 784 2250 tela
801 2181 893 2244 dabit.

59 2284 62 2287 ·
177 2264 313 2339 saltum,
335 2281 394 2340 quo
407 2265 561 2326 Battiades
572 2266 728 2329 inimicum
742 2267 873 2327 devovet
886 2265 962 2338 Ibin,

96 2422 99 2425 Ι
259 2348 326 2407 Hoc
340 2363 397 2422 ego
406 2348 551 2419 'devoveo
566 2356 656 2425 teque
672 2357 803 2429 tuosque
817 2350 918 2410 modo.

217 2431 319 2507 thue
332 2430 391 2505 ille,
413 2430 546 2492 historiis
560 2431 713 2493 involvam
727 2432 860 2493 carmina
873 2430 988 2491 caecis:

259 2513 326 2574 Non
342 2515 459 2574 soleam
474 2515 612 2589 quamvis
626 2516 685 2576 hoc
699 2532 795 2591 genus
810 2516 879 2591 ipse
892 2513 989 2589 sequi.

217 2596 300 2658 Illius
315 2595 458 2671 ambages
472 2597 603 2659 imitatus
618 2598 649 2658 in
663 2599 748 2660 Ibide
762 2599 845 2664 dicar

175 2687 212 2744 60
258 2678 381 2740 Oblitus
396 2680 489 2741 moris
503 2680 668 2757 iudiciique
682 2682 750 2742 mei.

216 2762 253 2822 Et
268 2763 419 2837 quoniam,
442 2763 497 2838 qui
511 2764 564 2839 sis,
587 2766 722 2825 nondum
739 2760 950 2839 quaerentibus
966 2763 1037 2838 edo,

258 2845 352 2906 Ibidis
367 2846 481 2905 interea
493 2853 524 2906 tu
538 2862 661 2927 quoque
675 2862 785 2908 nomen
799 2844 887 2906 habe.

167 2977 172 2987 .
215 2927 315 3003 thue
328 2929 388 2990 mei
403 2945 513 2990 versus
526 2930 711 3005 aliquantum
725 2929 823 2990 noctis
837 2928 1001 3003 habebunt,
1099 2996 1104 3001 ,

172 3042 175 3057 ·
259 3010 311 3072 Sic
325 3014 406 3072 vitae
422 3011 518 3072 series
532 3018 596 3077 tota
610 3015 649 3079 sit
663 3020 727 3074 atra
741 3020 820 3073 tuae.
1091 3022 1094 3027 ’

172 3093 301 3158 cinaeo
314 3096 367 3156 tibi
381 3095 472 3156 natali
486 3095 586 3169 facito,
607 3097 731 3172 Ianique
744 3095 883 3160 kalendis

257 3177 323 3238 Non
337 3180 494 3241 mentituro
513 3177 637 3253 quilibet
651 3196 704 3240 ore
718 3181 807 3255 legat.

215 3260 253 3321 Di
265 3262 357 3322 maris
374 3269 404 3321 et
417 3269 523 3337 ternae,
546 3263 658 3338 quique
671 3263 719 3325 his
734 3264 860 3327 meliora
873 3261 981 3343 tenetis

258 3342 338 3404 later
352 3344 493 3406 diversos
508 3362 579 3413 cunt
591 3347 668 3408 love
680 3364 774 3424 regna
787 3351 886 3423 polos,

215 3425 435 3569 Huchlprecor,
455 3428 516 3490 huc
527 3436 646 3494 vestras
662 3429 927 3495 omnes-advertite
941 3436 1067 3505 ruentes,

175 3523 258 3569 ovio.
322 3553 329 3568 .
918 3519 935 3576 7
