2598 3812
499 220 530 263 v.
551 198 729 267 ete-tie.

240 354 405 427 Eveniant,
420 360 472 415 aut
485 353 534 415 his
548 369 610 416 non
624 354 854 417 levioramatis.

197 439 303 514 Qualis
317 438 564 499 Achaemenides
579 438 686 499 Sicula
699 440 841 501 desertus
855 438 887 499 in
901 438 1009 511 Aetna

237 522 346 583 Troica
359 536 429 582 eum
443 522 519 581 vidit
530 522 601 582 vela
614 523 728 595 venire,
744 523 815 583 fuit:

129 615 185 669 415
198 605 304 680 Qualis
318 611 384 665 erat
397 619 455 664 nee
469 620 532 665 non
546 605 669 666 fortuna
681 605 846 667 binominis
861 606 910 678 Iri,

238 689 358 764 Quique
370 695 475 748 tenent
487 694 627 762 pontem,
645 704 725 764 qaae
738 687 793 749 tibi
807 689 905 757 maior
919 691 982 753 erit.
1080 688 1122 735 '-

194 770 288 833 Filius
303 778 335 832 et
347 770 465 832 cerens
480 772 593 833 frustra
606 771 659 831 tibi
674 786 798 848 semper
811 780 936 846 ametur,

236 856 451 928 Destituatque
462 860 532 915 tuas
549 870 651 930 usque
665 854 778 930 petitus
794 871 883 931 opes.

192 937 293 1014 thue
308 954 364 1014 per
378 937 513 999 alternos
527 938 612 998 unda
624 939 747 999 labente
760 953 906 1001 recursus

128 1029 185 1084 420
241 1020 434 1083 Subtrahitur
448 1035 559 1097 presso
573 1022 675 1083 moitis
689 1037 784 1080 arena
797 1022 882 1096 pedi,

195 1104 246 1166 Sie
260 1112 314 1165 tua
327 1104 434 1165 neseio
450 1121 512 1179 qua
526 1119 649 1179 semper
661 1105 783 1173 fortuna
794 1099 962 1180 iiquesaat.

235 1189 400 1263 Lapsaque
414 1203 471 1262 per
483 1188 602 1249 medias
617 1187 724 1249 eiiluat
737 1204 839 1263 usque
853 1205 973 1250 manus·

193 1272 294 1346 thue
308 1277 395 1346 pater
409 1271 520 1333 solitae
533 1271 635 1335 varias
651 1278 769 1331 mutare
782 1272 899 1346 figuras

235 1354 346 1414 Plenus
361 1352 527 1415 inextincta
541 1353 709 1414 destituare
724 1353 815 1414 fame.

127 1440 181 1493 425
193 1437 256 1497 Nee
271 1437 359 1512 dapis
374 1436 526 1498 humanae
539 1438 593 1498 tibi
608 1438 670 1498 siut
683 1438 816 1501 fastidia.
849 1455 973 1515 quaque

233 1520 321 1580 Parte
336 1526 439 1596 potes,
455 1520 580 1598 Tydeus
595 1521 741 1594 temporis
756 1521 850 1599 huius
863 1523 934 1585 eris.

191 1607 294 1679 Atque
307 1603 425 1678 aliquid
438 1603 550 1675 iacias,
566 1621 586 1664 a
602 1619 734 1678 vespere
749 1604 831 1667 Solis
845 1605 986 1669 adortus

234 1687 294 1747 Cur
310 1687 459 1747 externati
473 1702 583 1749 rursus
598 1693 727 1762 agantur
740 1689 822 1761 equi.

192 1771 298 1832 Foeda
311 1770 488 1847 Lycaoniae
500 1777 622 1845 repetes
637 1769 780 1833 conubia
792 1784 927 1842 mansee,

127 1865 181 1919 teo
234 1853 470 1928 temptatisque
484 1852 544 1915 eibi
557 1854 661 1917 ialiere
676 1854 784 1915 fraude
797 1854 912 1919 iovem.

48 1936 55 1947 ‘
190 1937 293 2012 Teque
308 1937 420 2010 aliquis
435 1938 538 2013 posito
553 1943 678 2012 temptet
690 1938 753 1996 vim
766 1937 901 1999 numinis
915 1942 1004 2015 opto:

232 2019 406 2080 Tantaiides
419 2026 454 2082 tu
466 2022 531 2093 sis,-
541 2021 748 2096 Tereidesque
763 2036 849 2095 puer.

189 2104 228 2163 Et
237 2111 291 2163 tua
303 2103 350 2163 sie
363 2105 442 2165 latos
458 2112 642 2179 spargantur
655 2103 789 2164 membra
804 2119 860 2180 per
873 2118 976 2181 agros,

232 2188 399 2260 Tamquam
415 2203 495 2261 quae
509 2186 623 2262 patrias
639 2186 797 2251 detinuere
811 2188 890 2248 vias.

110 2278 179 2335 ‘4³5
191 2271 272 2331 Aere
284 2270 414 2332 Perilleo
431 2285 521 2331 veroa
536 2270 654 2330 imitere
666 2271 825 2345 iuvencos,

231 2353 281 2413 Ad
295 2354 424 2413 formam
440 2354 520 2415 tauri
531 2355 732 2415 eonveuiente
744 2370 834 2414 sono.
1006 2404 1008 2407 .

190 2436 291 2510 thue
305 2437 399 2495 ferox·
406 2435 559 2509 Phalaris,
576 2437 679 2512 tingue
692 2436 778 2511 prius
794 2453 868 2497 ense
881 2444 1009 2509 resecta

231 2518 323 2579 More¹
332 2518 422 2579 bovis
436 2519 552 2595 Paphio
566 2521 694 2581 eiausus
708 2520 740 2581 in
754 2535 827 2583 aere
840 2536 956 2596 gentas.

190 2602 330 2677 Dumque
343 2602 445 2662 redire
459 2604 547 2663 votes
561 2603 629 2663 aevi
643 2603 779 2663 metionis
794 2603 825 2662 in
840 2619 948 2676 annos,

126 2691 181 2746 ito
235 2687 274 2747 Ut
288 2691 376 2747 vetus
390 2686 512 2747 Admeti
526 2687 682 2762 decipiare
696 2701 797 2745 socer.

124 2812 130 2817 .
189 2768 292 2843 Atque
307 2783 404 2845 eques
419 2769 450 2828 in
464 2770 556 2833 medii
571 2784 710 2842 mergare
724 2767 872 2841 voragine
887 2764 982 2838 eueni,

231 2853 404 2914 Dummodo
421 2852 482 2913 sint
495 2853 548 2912 fati
562 2851 687 2915 nomina
701 2851 786 2910 nulla
799 2848 853 2909 tui.

188 2936 292 3010 Atque
303 2938 417 2997 utinam
432 2949 556 3009 pereas,
571 2935 665 2995 veluti
680 2935 719 2995 de
734 2933 876 2995 dentibus
891 2934 949 2997 omi

232 3018 359 3079 Sidonia
373 3019 458 3079 iactis
472 3017 564 3079 Graia
578 3033 634 3093 per
647 3032 721 3075 arua
736 3032 836 3076 manu.

127 3102 179 3158 445
192 3098 230 3159 Et
245 3117 325 3176 quae
337 3101 500 3163 Penthidea
515 3100 586 3160 seuit
600 3101 755 3174 fraterque
767 3098 925 3173 Medusae,

158 3188 165 3197 “
206 3180 215 3200 “
229 3183 378 3267 Eveniant
391 3184 482 3259 capiti
498 3190 569 3243 vota
582 3182 706 3243 sinistra
719 3190 789 3247 tuos

118 3290 121 3301 ¹
187 3265 226 3326 Et
240 3267 352 3342 quibus
367 3269 479 3342 exiguo
494 3274 542 3329 est
556 3266 690 3328 volucris
706 3268 820 3329 devota
831 3263 945 3337 iibeiio,

231 3350 368 3425 Corpora
381 3351 518 3426 proiouta
531 3365 611 3425 quae
625 3366 683 3410 sua
695 3358 810 3427 purgat
818 3364 910 3422 aqua.

188 3432 325 3496 Vulnera
335 3439 444 3510 totque
456 3437 554 3510 ieras,
569 3441 645 3511 quot
659 3434 768 3497 dieitur
782 3433 833 3493 itte
846 3429 963 3503 tulisse,
