2598 3812
392 134 399 153 ¹
470 202 509 282 V,
532 199 583 281 lu,
607 198 815 280 lo-14,co.

218 350 358 433 Perpetui
373 354 502 417 mcum
516 353 629 416 donavi
645 354 786 420 nominis.
807 352 910 434 idque,

188 461 195 477 ·
257 440 323 516 Quo
338 438 412 499 dare
426 439 468 499 nil
482 437 566 515 potui
578 455 703 501 munere
716 440 823 516 maius,
844 440 951 503 hebes.

178 534 212 588 15
222 523 313 583 Adde
327 522 419 598 quod,
440 531 586 584 utrorum
599 523 711 585 sollers
725 523 818 585 tutele
830 540 966 586 sueorum

208 646 212 655 -
257 604 308 666 Ad
321 612 360 681 te,
382 619 443 665 uon
458 605 545 681 porvi
558 606 642 681 veuit
655 607 781 668 honoris
795 623 883 681 onus,

103 706 106 712 ¹
219 689 307 766 Quod
320 704 485 763 numquam
500 704 562 751 vox
576 697 627 750 est
638 691 722 752 dete
736 705 805 750 meo
817 698 909 766 muto,
930 687 1046 768 tuique

258 771 382 833 Iudiciis
396 771 492 833 debes
506 788 578 833 esse
591 773 726 848 superbe
739 773 807 833 viri.

218 856 303 932 Quae
317 870 356 915 ne
370 855 439 931 quis
453 856 554 931 possit
566 858 726 916 temerario
740 857 852 932 dicere,
874 864 987 934 persto,
1020 922 1024 929 ,

67 960 72 977 r
175 949 212 1003 so
261 936 299 998 ut
313 938 425 1014 pariter
438 954 529 999 servs
541 954 653 1015 meque
666 936 810 1015 piamque
824 941 927 1001 fidem·

151 1100 153 1105 Δ
217 1022 293 1083 Num
306 1018 367 1096 tub,
390 1022 463 1083 dum
477 1022 624 1096 stetimus,
645 1023 725 1099 turpi
738 1023 807 1083 siue
820 1024 950 1086 crimino
957 1025 1076 1101 mousit,

255 1104 293 1166 Et
306 1112 421 1166 tuntum
435 1104 572 1182 probitas
582 1104 804 1181 'inreprehensa
818 1107 882 1168 fuit
1009 1130 1012 1137 ·

157 1238 162 1247 ,
216 1189 299 1251 Ares
312 1189 352 1253 de
365 1188 470 1249 nostru
483 1204 563 1250 nuno
577 1189 692 1250 esttibi
706 1190 786 1251 facts
797 1191 901 1251 nunes

258 1266 463 1348 Conspicuum
475 1273 572 1333 virtus
586 1272 702 1333 hictus
716 1280 811 1349 ponet
824 1279 921 1350 opust

175 1355 414 1439 ssEssebonam
423 1356 512 1416 facile
522 1365 578 1431 est,
589 1357 641 1417 ubi
649 1358 732 1432 quod
744 1364 825 1417 vetet
834 1372 916 1437 esse,
926 1365 1074 1421 remotum
1085 1365 1141 1435 est,

227 1462 241 1467 ··
257 1438 294 1499 Et
307 1438 380 1498 nibil
392 1438 494 1500 officio
509 1447 604 1523 nupta
617 1440 702 1514 quod
714 1440 815 1502 obstet
827 1439 930 1519 habu,

218 1522 291 1585 Cum
306 1523 382 1583 deus
397 1521 532 1607 intonuit,
554 1538 615 1583 non
631 1538 666 1584 se
681 1524 853 1585 subducere
868 1523 980 1600 nimbo,

257 1606 292 1668 ld
306 1605 429 1667 demum
444 1607 553 1682 pietus,
577 1607 609 1666 id
625 1607 748 1669 socialis
765 1622 875 1668 omor.=
973 1632 975 1637 v

216 1690 298 1751 sara
311 1689 433 1765 quidem
448 1689 551 1763 virtus,
561 1684 565 1695 '
574 1706 664 1766 quom
677 1704 739 1750 uon
753 1691 886 1751 Fortuno
898 1688 1053 1765 gubernet,

66 1796 71 1805 ·
174 1785 210 1840 ³⁰
262 1772 479 1847 Quaemsuett
492 1773 592 1834 stabili
606 1773 829 1849 cum‘iugitilts
844 1774 934 1853 pede.

216 1856 311 1932 Siqua
324 1863 424 1917 tumen
439 1857 527 1934 pretii
541 1856 599 1918 sibi
613 1850 731 1918 merces
746 1859 815 1934 ipse
829 1856 923 1933 petiti,

117 1942 120 1949 '
256 1942 352 2016 Inque
366 1940 472 2016 purum
488 1942 574 2002 luetis
588 1942 684 2003 arduo
695 1941 791 2003 rebus
805 1942 902 2013 odcst,

215 2025 255 2085 Ut
267 2032 386 2099 tempus
400 2024 550 2099 numeres,
573 2036 629 2102 per
643 2026 767 2086 saecuta
780 2026 862 2086 dulia
875 2031 999 2097 tuceusu

256 2107 295 2168 Et
305 2110 376 2169 locu
388 2107 532 2169 mirantur
545 2125 606 2185 qua
618 2115 700 2185 putet
712 2109 798 2185 orbis
810 2109 874 2169 iter.
910 2120 914 2149 ⁴

174 2199 209 2255 35
218 2191 351 2267 Aspicis,
372 2192 407 2251 ut
419 2191 510 2266 longo
524 2199 625 2254 teneat
640 2193 802 2254 laudabitis
817 2207 896 2253 sevo

256 2272 372 2335 Nomen
387 2274 581 2336 inextinctum
595 2275 767 2352 Penelopes
779 2276 880 2336 bdesr
930 2298 934 2305 ·

216 2357 330 2430 Cernis,
352 2360 385 2417 ut
397 2358 518 2418 Admeti
532 2364 673 2420 cantetur
681 2367 712 2421 et
725 2358 866 2420 Hectoris
879 2370 967 2431 uxor,

257 2442 405 2517 tusaque
419 2441 450 2500 in
465 2456 615 2503 accensos
630 2442 732 2518 lphiss
747 2442 792 2504 ire
804 2449 921 2517 rugosi

77 2531 91 2556 ⁴
217 2523 254 2585 Ut
268 2524 351 2585 vivat
365 2525 446 2584 remo
458 2525 591 2585 coniunx
604 2525 777 2605 Phylaceia,
800 2527 891 2587 cuius

173 2616 209 2674 40
260 2608 381 2668 idaeam
396 2607 550 2680 celerivir
563 2610 643 2685 pede
657 2609 770 2685 pressit
782 2608 928 2668 humum?

215 2691 312 2752 Morte
325 2688 398 2751 nihii
414 2706 492 2767 opus
507 2699 555 2753 est
567 2708 625 2769 pre
639 2707 697 2767 mc,
719 2692 776 2752 sed
790 2704 893 2751 amore
906 2687 1045 2764 fidequex

248 2775 323 2836 'Non
336 2788 378 2835 ex
389 2774 504 2835 difficili
519 2776 600 2835 mmo
612 2774 812 2853 petendo‘tibi
826 2778 882 2833 est
963 2808 966 2817 ‚

214 2857 277 2918 Nee
290 2867 321 2920 te
335 2857 512 2930 credideris,
538 2858 683 2930 buie'non
698 2857 783 2931 iscis,
804 2857 864 2917 istu
878 2856 1003 2933 monci.

256 2943 334 3003 Veis
348 2938 465 3014 damus,
488 2942 627 3017 quumvis
640 2940 754 3015 remige
767 2939 879 3029 puppis
893 2946 952 3000 eet

172 3032 208 3090 io
218 3024 275 3100 Qui
289 3033 399 3101 monet,
420 3030 453 3085 ut
466 3023 572 3099 iacies,
594 3024 678 3101 quod
693 3023 752 3084 ism
766 3023 852 3101 iocis,
867 3023 924 3084 ilie
937 3020 1090 3084 mouendo
1196 3022 1220 3111 ἰ

253 3102 376 3173 Loudot
388 3116 420 3173 et
431 3107 552 3171 hortatu
566 3106 746 3186 comprobet
759 3114 827 3170 octo
841 3120 908 3170 suo.
1012 3108 1024 3157 ἓ

535 3282 731 3297 m
