2602 3816
338 224 342 259 ,
541 173 585 247 ιι,
605 169 781 237 ιιι-ιιι.

178 336 231 392 360
283 327 378 401 Inque
393 341 450 387 suo
464 331 571 386 nomer
578 324 711 399 ‚pulvere
725 329 827 385 durrat
838 339 949 399 equus.

244 409 406 485 Cornipedi
419 409 524 469 Fauno
538 422 631 467 caesa
645 407 686 467 de
698 420 783 468 more
797 407 916 482 capella
1001 446 1008 453 -

280 493 372 553 Venit
385 493 425 552 ud
439 491 566 567 exiguus
580 490 669 552 turba
681 498 791 553 voeata
805 492 910 567 dapes.

243 578 384 652 Dumque
397 575 574 636 sacerdotes
590 573 862 636 veribus'transnta
879 573 1004 651 salignis

257 693 261 699 -
282 661 362 720 Exta
375 666 498 735 parant,
512 657 629 719 medius
642 659 710 718 sole
723 664 844 719 tenente
859 659 935 732 vias,

179 750 231 807 365
244 744 392 805 Romulus
407 748 437 802 et
450 742 542 802 frater
554 741 778 816 pastoralisque
792 741 944 816 iuventus,

286 826 407 887 Solibus
423 830 455 885 et
467 840 575 900 eampo
592 840 723 898 eorpora
736 826 820 886 nude
834 825 954 885 dabant

245 909 403 972 Caestibus
419 915 449 971 et
461 908 568 973 iaculis
582 914 612 967 et
626 907 720 967 misso
736 909 872 989 pendere
887 908 954 969 saxi

283 990 432 1053 Bracchia
448 1008 504 1068 per
515 985 602 1057 lusus
617 991 811 1067 experienda
818 993 944 1053 dabantr
1001 1032 1003 1035 ψ

244 1075 350 1138 Pastor
363 1075 401 1137 ab
417 1077 541 1136 excelso
556 1075 625 1135 ‘Per
640 1075 730 1134 deuia
742 1091 815 1135 rura
826 1077 974 1140 iuuencos

179 1172 233 1231 ato
284 1161 428 1236 Romule,
442 1160 630 1235 praedones,
644 1166 674 1217 et
686 1158 807 1218 Remet’
823 1159 899 1220 dixit
912 1162 1037 1236 ‘agunt’

243 1245 381 1319 Longum
394 1251 458 1304 erat
468 1243 593 1302 armari.
619 1241 748 1302 diuersis
764 1243 825 1302 exit
839 1250 968 1318 uterque

285 1328 434 1388 Partibus.
463 1338 596 1387 occursu
610 1326 863 1401 praedareoeota
873 1328 972 1387 Renai.

243 1412 284 1472 Ut
295 1411 399 1486 rediit,
411 1410 535 1470 veribus
550 1408 848 1470 stridentia'detrabit
862 1417 942 1484 exta,
999 1434 1002 1449 ·

284 1496 385 1569 Atque
400 1495 442 1555 ait
454 1494 550 1553 ‘Haeo
564 1499 645 1553 certe
659 1506 721 1555 non
735 1492 794 1553 nisi
808 1494 906 1554 vietor
920 1490 1012 1556 ed'et’

178 1587 231 1644 375
245 1578 431 1652 maturauit,
445 1576 591 1651 Fabiique
600 1576 715 1636 simul..
731 1576 822 1636 Venit
835 1576 943 1639 inritus
957 1579 1028 1639 illue

283 1662 446 1735 Romulus,
461 1668 491 1721 et
504 1676 628 1720 menses
644 1662 779 1733 ossaque
793 1660 876 1723 nuda
889 1660 982 1722 videt.

228 1745 335 1820 Risit,
350 1752 381 1806 et
392 1745 520 1807 indoluit
531 1742 643 1813 Fabios
656 1743 797 1819 potuisse
811 1744 1003 1821 Remumque

285 1829 431 1905 Vincere,
446 1827 604 1902 Quintilios
619 1843 681 1887 non
695 1827 833 1902 potuisse
848 1842 932 1888 suos.

243 1910 336 1973 Fama
349 1913 543 1972 monstranti.
572 1912 674 1988 posito
689 1911 837 1971 velamine
852 1913 982 1985 eumont,

178 1999 232 2057 380
283 1996 323 2056 Et
335 2010 499 2056 memorum
513 1997 624 2056 sumam
639 1995 722 2070 qnod
734 1994 814 2055 bene
829 1994 936 2069 oessit,
956 1993 1060 2055 babet

241 2079 380 2140 Forsitan
396 2087 426 2139 et
440 2095 588 2154 quaeras,
603 2092 660 2140 eur
672 2078 715 2139 sit
725 2079 814 2138 loous
827 2078 877 2138 ille
892 2078 1050 2156 Lupercal,

284 2161 406 2235 Quaeve
422 2163 503 2222 mem
515 2162 568 2223 tali
581 2162 703 2222 nomine
711 2162 713 2169 ’
722 2177 817 2222 censa
830 2169 924 2224 notet.

242 2245 338 2306 Silvia
350 2245 484 2307 Vestalis
499 2246 643 2307 caelestia
656 2245 774 2307 semina
787 2252 877 2322 partu

281 2326 441 2400 illideret,
457 2338 565 2405 patruo
579 2328 676 2405 regua
688 2332 809 2390 tenente
823 2345 893 2391 suo.

176 2415 228 2471 385
241 2412 273 2472 ls
287 2412 370 2472 iubet
381 2410 492 2472 auferri
508 2414 667 2488 parvos-et
680 2413 710 2472 in
726 2429 815 2474 amne
829 2414 942 2474 necari

283 2496 362 2571 Quid
376 2496 474 2557 leoist
501 2508 541 2556 ox
554 2496 622 2558 istis
636 2499 787 2559 Romulus
799 2496 962 2557 altor‘eritt

240 2579 331 2641 Iussa
344 2586 522 2640 recusantes
536 2589 686 2656 peragunt
696 2582 859 2642 laurimosa
872 2578 1010 2653 ministri,

281 2662 369 2724 Fient
380 2669 494 2735 muron,
511 2669 543 2727 ot
555 2665 693 2738 geminos
708 2665 739 2724 in
751 2665 821 2725 loea
834 2664 920 2722 iussa
934 2663 1044 2725 imunt

240 2748 364 2820 Albula,
382 2758 472 2821 quem
484 2746 613 2807 Tiberim
628 2762 748 2809 mersus
758 2746 917 2806 Tiberinus
931 2745 961 2809 lu
975 2743 1073 2807 undis

177 2838 230 2894 390
282 2830 442 2901 Reddidit,
456 2829 590 2891 hibernis
605 2832 683 2892 torte
696 2827 830 2893 tuntebul
846 2829 945 2905 aquis.
1006 2828 1018 2853 ¹

239 2912 310 2989 llio,
323 2914 375 2976 ubi
390 2908 471 2974 nuno
484 2908 552 2972 lora
565 2922 651 2990 sunt,
667 2914 774 2973 lintres
785 2927 889 2973 errore
903 2913 1036 2997 uideres,
1133 2947 1140 2963 ι

280 2996 644 3073 Quaqueiaoontselleo,
659 2994 902 3073 Maximeciroe,
915 2994 996 3059 tuae

240 3076 305 3139 Huc
319 3081 371 3142 ubi
384 3086 570 3154 venemotw
571 3092 696 3155 neque
709 3076 789 3141 enim
803 3043 971 3157 prooe’der'e
986 3084 1161 3157 possunt

281 3162 443 3239 Longius...
458 3159 498 3224 eir
510 3123 570 3225 ill'ls
584 3178 664 3225 unns
672 3162 709 3225 et
722 3164 798 3224 altor
811 3165 866 3225 alt.

164 3247 231 3304 ’395
243 3244 297 3304 ‘At
311 3262 400 3321 quarn
416 3255 487 3310 sunt
501 3246 629 3308 similest
657 3254 688 3307 at
703 3243 794 3323 quam
806 3242 964 3333 formosus
978 3210 1135 3320 uterque!

278 3327 349 3395 Plus
364 3336 464 3391 umen
479 3344 526 3392 ox
513 3324 591 3391 illis
604 3332 663 3392 iste
675 3326 791 3429 uigoris
803 3326 905 3392 habet
1008 3350 1011 3357 ’

241 3409 275 3471 Si
287 3426 385 3488 genus
400 3416 534 3489 arguitur
547 3416 644 3492 voltu,
658 3408 725 3477 nisi
732 3415 830 3477 iulllt
821 3426 933 3491 imago,
989 3424 991 3429 ⁴
1011 3406 1015 3413 ’
