2598 3812
492 198 797 277 Ιιι,,345.-4,9.
891 208 1001 230 ““

221 352 304 414 Pone
316 357 414 413 metus
429 351 528 426 igitur
556 353 700 413 mitescet·
710 352 871 414 Caesaris
860 354 954 428 ιη,

260 435 299 496 El
312 436 413 496 veniet
429 437 507 495 votis
521 436 641 497 mollior
654 436 732 496 hora
742 437 812 496 tuis.

74 586 78 595 p
169 525 204 585 85
216 519 300 580 Neve
314 534 429 579 moram
444 519 567 593 timeas,
587 521 719 595 tempus,
739 520 823 595 quod
840 519 1022 598 quaerimus
1044 522 1143 606 instat,

261 602 435 678 Cunctaque
448 602 583 663 laetitiae
593 603 687 679 plana
699 603 869 679 triumphus
882 602 983 664 babet„

218 687 296 749 Dum
309 687 547 762 domusgetnati,
569 687 647 747 iluna·
655 693 751 757 mater
763 686 849 747 Liuio
862 687 983 762 gaudet
1001 702 1004 723 ¹

258 769 338 831 Duru
352 769 478 846 gaudes,
501 769 739 845 patr-iaonagnc
755 769 903 845 ducisque
913 778 1018 846 patera

217 852 296 915 Ilum
308 852 362 913 tibi
376 855 667 929 gratatupopolus,
686 857 844 928 totamque
858 869 914 930 per
924 854 1038 915 Urbem

169 939 204 996 ιιι
259 935 363 998 Omnis
378 935 816 1012 odoratis-ignibus'ara'oalcl‚
1033 984 1036 997 .

217 1019 296 1080 Dum
309 1019 416 1080 faciles
431 1019 530 1080 aditus
544 1020 674 1096 praebet
685 1020 1026 1097 venerabile'ternpluno,

259 1101 451 1179 Sperandum
465 1109 589 1169 nostras
598 1114 696 1179 posse
709 1103 812 1163 valere
826 1108 958 1179 preces?
983 1142 986 1157 .

104 1220 110 1225 -
216 1185 307 1247 Dixit.
340 1194 370 1251 et
383 1193 434 1247 aut
447 1187 498 1247 ille
513 1192 562 1247 est
573 1188 680 1248 tenues
695 1185 834 1262 dilapsus
847 1186 879 1246 in
891 1192 992 1263 aurosa

257 1270 429 1346 coeperunt
443 1286 555 1343 sensus
569 1278 621 1332 aut
634 1269 758 1346 vigila-'re
772 1271 841 1329 inei.

168 1356 203 1415 ot
218 1352 251 1414 Si
265 1353 409 1428 dubitem,
431 1355 505 1431 quin
518 1355 567 1425 bis
582 1355 704 1427 faveas,
720 1367 744 1411 o
758 1352 899 1429 Maxime,
921 1352 1019 1430 dictis,

254 1437 428 1498 Memnonio
444 1441 567 1515 cycnos
577 1452 648 1498 asse
662 1435 766 1499 colore
776 1442 894 1511 putem.
963 1444 965 1449 ’
982 1486 987 1495 l

217 1519 280 1583 Sed
294 1536 395 1597 neque
408 1523 539 1591 mutatur
552 1521 640 1597 nigra
653 1520 723 1595 pice
736 1521 851 1580 lacteus
863 1519 982 1594 humor,

256 1604 328 1680 Nee,
350 1605 433 1681 quod
448 1610 515 1666 erat
526 1605 671 1678 candens,
693 1604 728 1663 lit
740 1601 935 1676 terebinthus,
958 1603 1044 1665 abur.

220 1687 410 1750 Conveniens
424 1690 524 1753 animo
540 1704 637 1765 ςιιιιι
652 1685 776 1747 esttibi
807 1686 909 1745 nobile
921 1700 1053 1764 namque

153 1777 207 1834 100
256 1764 365 1834 Pectus
376 1779 409 1833 et
422 1773 588 1837 Herculeae
593 1769 802 1865 simplicitatis
816 1769 948 1829 habes·
1008 1810 1011 1817 ⁴

216 1854 347 1933 Livor,'
340 1873 420 1917 rners
434 1857 558 1929 νιιιιιιι,
570 1855 672 1918 nlores
687 1870 748 1915 non
763 1852 846 1913 exit
838 1869 870 1912 ιι
885 1853 972 1929 altos,

257 1940 357 2014 thue
371 1940 490 2001 latens
482 1957 543 2000 rma
556 1940 662 2015 vipera
677 1938 771 2015 serpit
783 1937 887 1997 humo.
916 1972 919 1975 -

216 2021 303 2085 Mens
318 2030 371 2084 tua
386 2025 522 2085 sublimis
539 2040 633 2099 supra
646 2024 744 2099 genus‘
757 2022 867 2082 eminet
879 2021 990 2097 ipsum,

204 2106 431 2168 Grandius
423 2109 543 2182 mgenio
559 2124 616 2169 nec
630 2107 684 2167 tibi
698 2121 811 2167 nomen
824 2104 912 2164 inest.

154 2197 205 2252 105
217 2189 298 2274 Trgo
313 2189 363 2253 alii
377 2199 506 2253 noceant
518 2192 647 2265 miseris,
660 2192 834 2268 optentque
847 2185 953 2264 timeri,

253 2273 418 2349 Tinctaque
432 2275 567 2336 mordaci
582 2276 700 2351 spicula
714 2273 783 2334 lelle
797 2277 911 2347 gerant.

216 2363 257 2418 Αι
269 2363 321 2418 tua
333 2357 522 2434 supplicibus
538 2359 655 2419 domus
662 2365 709 2419 est
722 2356 850 2417 adsueta
863 2353 1014 2430 iuvandis

257 2441 290 2501 ln
305 2456 433 2517 quorum
446 2458 572 2503 numero
585 2458 643 2517 me,
647 2457 784 2551 precor,
805 2444 877 2537 esse
889 2438 979 2498 velis

161 2623 205 2721 4.
258 2657 494 2721 aaaron.

216 2737 304 2834 flacc
317 2772 371 2834 tibi
385 2786 446 2831 non
455 2776 569 2832 vanarn
583 2726 734 2857 portatilia
746 2770 842 2832 verba
855 2770 983 2831 salutern

255 2856 337 2918 Naso
351 2856 506 2928 Tomitana
520 2856 606 2916 mittit
622 2856 660 2914 ab
674 2848 749 2915 urbe
762 2862 842 2930 tuus,

214 2941 317 3015 thue
330 2957 388 3001 suo
403 2941 509 2999 faveas
525 2937 656 3013 mandat,
677 2939 809 3012 Boline,
817 2938 987 3015 triumpho.

257 3025 290 3084 ln
304 3030 423 3085 vestras
438 3022 520 3082 venit
534 3022 561 3081 si
574 3028 673 3080 nmen
687 3022 869 3083 illemanus'.
890 3090 892 3095 ,
967 3056 969 3061 .

74 3146 79 3153 -
182 3107 266 3171 oEst
279 3108 359 3182 opus
374 3107 517 3182 exiguum
531 3105 703 3178 vestrisque
716 3106 870 3180 paratibus
885 3106 987 3182 inpar:
1055 3122 1059 3145 ι

258 3191 351 3266 Quale
364 3194 464 3251 tamen
479 3190 677 3265 cumque'est,
686 3212 689 3241 z
699 3195 732 3248 ut
744 3194 855 3264 breare,
877 3204 964 3264 rogo.

214 3273 315 3335 Firma
326 3274 428 3333 valam
442 3291 498 3350 per
512 3289 556 3347 se,
576 3270 752 3348 nullumque
764 3272 935 3335 Machaona
949 3276 1109 3348 quaerunt:

255 3357 306 3417 Ad
319 3357 469 3418 medicam
483 3356 592 3418 dubius
607 3356 741 3430 confugit
755 3372 846 3432 aeger
861 3368 960 3431 opem.

215 3438 283 3500 Non
298 3442 377 3517 opus
391 3442 438 3500 ‘est
450 3441 568 3516 magnis
582 3439 704 3518 placido
720 3439 832 3502 bnorc
846 3436 962 3514 poetica
1025 3444 1040 3451 ¹·
