2598 3812
171 161 232 229 mr
391 237 398 245 x
460 134 466 153 ⁴
559 160 784 226 uxronro

294 314 458 392 Pluraque,
475 312 502 376 si
517 328 673 388 numeres,
687 313 783 374 verba
795 313 882 375 suere
897 311 1003 389 gradu

253 397 354 474 Saepe
368 399 435 460 dies
450 414 590 459 sermone
604 398 702 457 minor
716 397 779 457 init
807 399 900 472 inque
913 395 1101 472 loquendum
1165 412 1172 427 ·

293 482 392 542 Turde
406 498 462 558 per
475 482 609 545 aestivos
628 480 723 540 defuit
736 480 812 541 bora
827 481 905 543 dies.

252 564 307 626 Est
321 566 452 641 aliquid,
467 581 559 625 rasus
573 565 685 640 pariter
699 564 837 627 timuisse
850 565 994 640 marinos,

201 663 236 718 40
291 648 457 723 Iunctaque
472 648 512 707 ad
527 663 699 723 aequoreos
715 654 788 708 vota
801 648 909 709 tulisse
924 648 1015 709 deese

251 732 288 792 Et
302 732 395 792 modo
409 747 460 791 res
475 731 578 806 egisse
592 731 696 804 simut,
711 731 804 793 modo
821 747 927 791 rursus
942 730 980 791 ab
994 731 1053 792 iliis

294 814 427 889 Quorum
440 829 502 875 non
521 815 650 889 pudeat,
667 830 762 890 posse
776 816 889 874 referre
903 815 1000 877 iocos.

252 898 335 958 Haeo
349 897 401 956 tibi
421 913 491 959 eum
504 899 649 970 subeant,
663 898 761 959 absim
776 898 860 970 lieet,
876 898 1016 961 omnibus
1030 900 1119 960 annis

191 1021 193 1025 -
293 983 371 1041 Ante
385 988 455 1041 tuos
471 981 592 1055 oeulos,
609 989 640 1041 ut
653 981 745 1042 modo
761 981 862 1053 visus,
878 996 941 1041 ero.

202 1074 240 1129 45
252 1065 323 1140 Ipse
339 1065 458 1139 quidem
476 1071 556 1125 certe
569 1081 637 1125 eum
651 1064 708 1125 sim
722 1065 780 1127 sub
795 1064 919 1125 cardine
932 1066 1046 1141 mundi,
1130 1098 1177 1112 -
1237 1128 1240 1132 .

291 1147 346 1222 Qui
360 1163 482 1223 semper
495 1148 618 1223 liquidis
634 1148 722 1208 altior
735 1154 818 1208 extat
831 1148 931 1223 equis,

251 1230 292 1290 Te
309 1238 408 1292 tamen
424 1232 618 1307 intueorque
634 1231 701 1292 solo
715 1238 844 1305 pectore
855 1247 992 1307 possum,

289 1315 327 1375 Et
339 1321 438 1376 tecum
453 1315 554 1390 gelido
570 1330 665 1390 saepe
678 1315 739 1383 sub
753 1329 812 1374 axe
825 1315 947 1390 loquor.

251 1397 307 1458 Hie
322 1414 371 1479 es,
389 1406 419 1459 et
432 1399 565 1473 ignoras.
592 1406 621 1459 et
634 1398 710 1458 ades
726 1396 940 1459 celeberrimus
955 1398 1080 1461 absens:

204 1488 239 1543 to
292 1483 387 1557 Inque
401 1483 493 1544 Getas
507 1483 608 1544 media
622 1484 726 1543 iussus
740 1480 778 1540 ab
792 1480 875 1541 Urbe
888 1482 986 1543 venis.

249 1565 356 1627 Redde
370 1565 483 1637 vicem,
498 1573 543 1638 et,
559 1567 702 1642 quoniam
719 1564 804 1640 regio
820 1556 936 1627 felicior
948 1566 1008 1631 ista
1020 1574 1075 1641 est,

292 1650 363 1711 istie
375 1665 426 1713 me
436 1651 562 1713 meineri
575 1656 702 1727 pertore
714 1664 836 1725 semper
851 1648 940 1715 habe.

89 1910 92 1919 .
170 1830 237 1925 11.
293 1868 425 1931 noro

239 1946 324 2052 flou
337 1986 406 2061 tibi,
419 1987 511 2061 Rufe,
526 1984 612 2047 brevi
627 1992 824 2063 properatum
838 1992 979 2061 tempore
988 1985 1076 2047 mittit
1086 2004 1093 2031 ν
1175 2036 1181 2043 .

289 2069 386 2143 Naso,
402 2086 509 2145 parum
523 2070 641 2131 faustae
657 2070 797 2131 conditor
808 2070 907 2143 Artis,
925 2085 1021 2145 opusr
1049 2124 1052 2131 ⁴

249 2153 504 2228 [Im-quamquam
517 2153 608 2227 longe
623 2161 686 2215 tote
697 2164 806 2215 'sumus
822 2153 896 2215 orbe
910 2151 1025 2227 remoti,

289 2233 374 2295 Seire
389 2242 490 2297 tamen
504 2237 608 2311 possis
623 2253 681 2298 uos
695 2237 870 2298 meminisse
884 2238 937 2298 tui.

218 2326 235 2379 5
248 2318 384 2380 Nominis
399 2326 470 2381 ante
483 2320 542 2380 mei
556 2320 678 2381 venient
693 2321 805 2381 oblivia
818 2320 917 2395 nobis,

183 2478 186 2485 k
287 2402 414 2463 Pectore
429 2418 519 2479 quam
536 2403 634 2478 pietas
650 2405 689 2465 sit
702 2412 755 2465 tua
768 2405 858 2480 pulsa
870 2419 951 2465 meo.

247 2486 285 2547 Et
300 2487 384 2561 prius
398 2487 477 2547 hane
490 2487 622 2549 animam
635 2503 751 2549 vacuas
765 2488 930 2549 reddemus
944 2487 975 2547 in
989 2502 1090 2561 auras,

290 2566 385 2645 Quam
398 2571 452 2631 fiat
465 2572 562 2633 meriti
576 2573 673 2646 gratia
687 2587 765 2631 vana
778 2571 830 2631 tui.

194 2662 198 2671 '
250 2654 370 2716 Gmnde
384 2670 463 2715 voeo
477 2646 620 2717 lacrimas
634 2655 784 2727 meritum,
804 2654 916 2729 quibus
932 2670 986 2715 ora
998 2652 1132 2728 rigabas,

200 2750 235 2804 10
288 2737 361 2798 Cum
374 2755 443 2801 meu
457 2747 599 2800 concreto
614 2738 698 2799 sicea
712 2738 818 2799 dolore
831 2739 940 2798 forent

248 2819 369 2883 Grande
383 2838 463 2883 voeo
477 2822 613 2883 meritum
629 2829 764 2905 maestqe
778 2821 896 2882 solaria
906 2819 1026 2893 mentis,
1125 2846 1128 2851 ,

288 2904 361 2965 Cum
376 2907 488 2980 pariter
503 2906 593 2968 nobis
608 2905 661 2969 illa
672 2905 788 2981 tibique
802 2905 902 2965 dares.

248 2985 364 3062 Sponte
378 2990 501 3063 quidem
516 3005 572 3064 per
585 3005 683 3066 seque
697 3005 765 3051 mea
778 2996 826 3049 est
839 2985 1001 3049 laudabilis
1013 3000 1112 3047 uxori
1126 3010 1140 3053 1,

94 3146 100 3155 ὑ
143 3128 149 3145 ,
285 3071 452 3132 Admonitu
466 3073 574 3132 metior
586 3073 621 3133 tit
633 3080 733 3134 tumen
747 3072 800 3132 ilia
812 3078 875 3133 tuo.
1008 3106 1012 3110 »

198 3165 233 3217 lb
246 3155 384 3230 Namque
398 3154 481 3229 quod
495 3155 674 3217 Hermiones
691 3156 797 3217 Castor
811 3155 880 3228 suit,
895 3154 1008 3216 Hector
1021 3152 1086 3224 Iuli,

277 3239 344 3299 Hoe
358 3253 415 3313 eqo
430 3244 460 3299 te
476 3239 573 3298 laetor
587 3240 725 3312 coniugis
737 3250 810 3298 esse
824 3252 921 3299 meae.

243 3319 341 3396 Quae,
356 3338 394 3382 ne
409 3318 565 3382 dissimilis
579 3322 632 3381 tibi
648 3322 687 3381 sit
701 3320 863 3395 probitate,
878 3321 1006 3393 laborat,

286 3403 388 3480 Seque
402 3405 444 3466 tui
457 3403 521 3465 viia
534 3404 691 3479 sauguinis
706 3419 777 3465 esse
791 3403 911 3480 probat
