2582 3810
153 196 195 266 Ἠ
543 185 769 264 ’1111811οΜ

273 351 337 415 Neo
351 350 513 431 quisquam
527 352 625 429 patria
638 353 759 429 longius
774 346 961 415 00001000001
1028 354 1031 361 ⁴

232 434 323 499 Solus
338 436 534 511 0000100000
549 436 663 498 missus
679 436 885 513 septemptiats
899 435 993 499 Histri

174 526 227 585 100
277 520 456 582 Parrhasiae
470 519 571 594 gelido
585 520 711 595 virginis
725 536 784 583 axe
799 536 929 596 promor.
1044 522 1048 527 '

182 604 364 683 -iazyges
379 610 409 664 et
424 603 526 675 coloni
540 603 735 678 Metereaqus
748 603 836 664 turba
850 604 1005 680 Getaeque

183 719 226 734 -
276 686 407 749 Danubii
421 686 530 747 mediis
545 687 597 746 vix
613 686 808 762 prohibentur
821 688 920 762 aquis.

121 797 125 807 ·
233 770 435 846 (100100001ὶί
450 766 545 831 riusa
557 770 611 829 tibi
625 770 687 831 sint
700 771 841 844 graviore
856 771 959 846 fugai,

273 853 408 915 Ulterior
417 853 500 926 nulii,
523 869 614 929 quarn
626 853 708 925 mihi,
727 855 892 917 10000010
906 862 962 915 ast

171 943 223 1001 101
230 936 365 1012 Longius
379 934 438 997 hae
452 937 524 997 nihii
540 944 595 1011 est,
618 936 677 998 nisi
689 944 805 999 tanturn
819 938 915 1013 trigas
929 945 961 1000 et
973 934 1081 1012 hostia,

272 1020 311 1081 Et
324 1021 416 1080 maris
430 1021 554 1080 astricto
570 1035 649 1096 qaae
663 1021 724 1082 ooit
736 1022 913 1097 00000010.

233 1104 387 1168 1100100υο
402 1104 512 1164 Euxini
527 1119 601 1180 pars
617 1111 664 1164 est
675 1105 813 1165 Romana
826 1104 951 1167 sinistri.
1069 1160 1072 1167 .

268 1187 409 1248 Proxima
421 1188 589 1248 Basternae
603 1187 862 1265 Sauromataeque
874 1194 987 1250 tenent

230 1271 315 1332 Haeo
328 1279 376 1332 est
388 1271 528 1333 Ausonio
542 1271 599 1332 sub
613 1271 678 1331 iure
690 1272 867 1347 novissima,
883 1273 996 1350 010000

169 1362 224 1418 100
274 1354 387 1415 Haeret
399 1354 430 1414 in
445 1355 563 1432 imperii
577 1355 712 1437 margine
725 1363 805 1416 terra
817 1356 870 1416 tni.

232 1437 323 1500 Unde
336 1454 445 1514 precor
458 1439 600 1514 supplex,
620 1446 655 1499 ut
668 1455 725 1500 nos
739 1439 770 1499 in
784 1447 847 1501 tuta
860 1439 989 1515 releges,

267 1523 312 1583 Ne
323 1524 366 1593 sit
379 1538 447 1583 aunt
460 1523 558 1598 patria
573 1538 634 1599 pax
649 1538 773 1597 000000
786 1524 928 1598 adempta
940 1522 1021 1595 mihi,

232 1604 277 1667 iia
290 1606 411 1666 tirnearn
424 1612 547 1681 000100,
562 1622 641 1681 quas
651 1606 716 1667 'non
731 1606 810 1667 bene
820 1613 993 1669 summovet
1006 1605 1117 1680 Hister,

152 1759 155 1773 y
269 1690 352 1750 Neve
368 1695 436 1750 tuus
452 1689 569 1766 possim
583 1689 659 1750 01010
674 1691 713 1751 ab
727 1690 909 1766 hosteoapi.

168 1778 222 1835 100
231 1771 290 1846 Fas
305 1772 445 1850 prohibet
458 1773 544 1835 Latio
560 1788 742 1849 quemquam
756 1775 798 1834 de
811 1774 958 1848 sanguine
971 1779 1074 1835 natum

273 1855 455 1918 Caesaribus
470 1858 565 1918 salvis
579 1857 709 1918 barbara
722 1858 823 1918 vineta
836 1858 924 1933 pati.x

197 1938 500 2001 1’1)00110001010000
514 1948 563 2001 'rna
577 1941 639 2002 duo
654 1941 787 2013 erimina,
809 1956 929 2002 carmen
944 1948 974 2002 et
987 1957 1081 2016 error,
1132 1942 1137 1949 ”

170 1996 197 2068 s
269 2022 402 2084 Alterius
417 2024 487 2084 iaeti
502 2025 593 2099 euipa
605 2024 725 2085 silenda
738 2024 825 2085 miliia

228 2104 304 2166 Nam
318 2118 380 2168 non
395 2123 461 2168 sum
474 2108 557 2182 tanti,
577 2124 722 2169 renovem
732 2116 769 2169 ut
781 2114 833 2168 tua
845 2109 980 2187 vulnera,
1002 2109 1124 2187 Caesar,

73 2200 76 2204 “
169 2196 223 2252 ato
272 2189 366 2264 Quem
380 2190 472 2250 nimio
488 2191 558 2267 pius
575 2199 623 2253 est
636 2191 805 2253 indoluisse
818 2193 924 2252 semei.

231 2272 336 2334 Altera
350 2289 423 2349 pars
438 2282 586 2350 superest,
610 2291 671 2351 qna
685 2276 764 2350 turpi
777 2276 912 2338 earmina
925 2277 1023 2340 tantus

270 2358 393 2432 Arguor
407 2358 534 2419 obsceni
549 2359 657 2421 doctor
670 2359 818 2421 adulterii.
1007 2373 1009 2377 ·
1104 2398 1111 2411 ‚

229 2438 288 2500 Fas
303 2438 935 2521 0000001011100000010000000100010111,
1047 2440 1049 2443 ’
1115 2490 1119 2499 .

270 2523 308 2584 Et
321 2532 393 2586 sunt
405 2525 511 2586 notitia
524 2528 618 2587 inuita
629 2528 747 2587 minora
759 2533 833 2589 tuat

168 2605 330 2682 110111ου0
344 2608 421 2669 deos
434 2611 615 2685 0001001000
629 2612 717 2672 simui
733 2610 862 2671 sublime
874 2604 969 2672 tuenti
1025 2626 1028 2631 ’

265 2690 332 2764 tion
346 2699 436 2752 00001
449 2692 567 2769 exiguis
581 2692 674 2754 rebus
689 2694 802 2756 adesse
815 2693 889 2768 lovi,

180 2840 183 2845 ,
228 2768 277 2834 Ex
289 2780 320 2834 te
334 2776 516 2850 pendentem
531 2777 576 2837 sia
590 2776 661 2837 dum
676 2778 884 2854 circumspiois
899 2775 1011 2850 orbem,
1070 2814 1086 2831 a

269 2854 424 2941 Effugiant
437 2875 526 2921 auras
541 2860 688 2922 inferiora
696 2869 787 2923 10000

230 2938 353 3001 Scilicet
366 2941 482 3019 imperii
497 2944 640 3021 princeps
656 2947 785 3006 statione
798 2944 903 3005 relicta
979 2982 982 2987 >

169 3029 223 3086 w
272 3023 441 3101 Imparibus
456 3027 574 3101 tegeres
590 3031 723 3093 carmina
738 3031 817 3090 taeta
829 3026 951 3090 modist

231 3106 298 3168 Non
313 3115 394 3169 0010
406 3111 505 3170 moles
518 3112 647 3173 Romani
662 3113 793 3174 nominis
805 3119 923 3186 urguet,

270 3191 366 3265 lnque
379 3192 440 3259 1010
454 3193 587 3254 humeris
603 3202 664 3255 tam
678 3199 747 3257 1000
761 3197 855 3255 fertur
866 3209 957 3270 onus,

226 3271 358 3335 Lusibus
373 3283 406 3336 ut
418 3274 523 3352 possis
538 3278 698 3340 advertere
712 3294 822 3338 numen
835 3279 956 3356 ineptis,

269 3355 474 3435 Excutiasque
489 3359 587 3422 oeulis
602 3360 663 3441 otia
676 3369 780 3421 nostra
793 3362 862 3439 tuis.

166 3437 316 3501 11111000
328 3440 382 3503 tibi
394 3441 549 3505 Pannonia
562 3450 619 3521 est,
641 3452 724 3506 nano
735 3443 835 3523 illyris
849 3461 904 3508 ora
917 3442 1079 3523 domanda,
