<?xml version="1.0" encoding="UTF-8"?>
<!DOCTYPE html PUBLIC "-//W3C//DTD XHTML 1.0 Transitional//EN"
    "http://www.w3.org/TR/xhtml1/DTD/xhtml1-transitional.dtd">
<html xmlns="http://www.w3.org/1999/xhtml" xml:lang="en" lang="en">
 <head>
  <title>
</title>
<meta http-equiv="Content-Type" content="text/html;charset=utf-8" />
  <meta name='ocr-system' content='tesseract 3.04.00' />
  <meta name='ocr-capabilities' content='ocr_page ocr_carea ocr_par ocr_line ocrx_word'/>
</head>
<body>
  <div class='ocr_page' id='page_1' title='image "./povidiusnaso00merkgoog_0163.png"; bbox 0 0 2598 3812; ppageno 0'>
   <div class='ocr_carea' id='block_1_1' title="bbox 144 226 753 329">
    <p class='ocr_par' dir='ltr' id='par_1_1' title="bbox 144 226 753 329">
     <span class='ocr_line' id='line_1_1' title="bbox 144 226 753 329; baseline -0.008 -37"><span class='ocrx_word' id='word_1_1' title='bbox 144 226 203 292; x_wconf 77' lang='grc'><strong>148</strong></span> <span class='ocrx_word' id='word_1_2' title='bbox 358 318 365 329; x_wconf 24' lang='grc' dir='ltr'>ί</span> <span class='ocrx_word' id='word_1_3' title='bbox 471 226 753 290; x_wconf 70' lang='grc' dir='ltr'><strong>,ΕΧΡΟΝΤΟ</strong></span> 
     </span>
    </p>
   </div>
   <div class='ocr_carea' id='block_1_2' title="bbox 170 375 1145 2622">
    <p class='ocr_par' dir='ltr' id='par_1_2' title="bbox 170 375 1145 2622">
     <span class='ocr_line' id='line_1_2' title="bbox 266 375 915 453; baseline -0.003 -14"><span class='ocrx_word' id='word_1_4' title='bbox 266 381 425 441; x_wconf 80' lang='lat' dir='ltr'><strong>Arcturum</strong></span> <span class='ocrx_word' id='word_1_5' title='bbox 445 380 524 440; x_wconf 86' lang='lat' dir='ltr'><strong>subii</strong></span> <span class='ocrx_word' id='word_1_6' title='bbox 539 380 757 453; x_wconf 77' lang='lat' dir='ltr'><strong>Pleiadumque</strong></span> <span class='ocrx_word' id='word_1_7' title='bbox 773 375 881 437; x_wconf 87' lang='lat' dir='ltr'><strong>minas.</strong></span> <span class='ocrx_word' id='word_1_8' title='bbox 913 424 915 429; x_wconf 93' lang='lat'><em>.</em></span> 
     </span>
     <span class='ocr_line' id='line_1_3' title="bbox 226 461 1093 539; baseline -0.008 -14"><span class='ocrx_word' id='word_1_9' title='bbox 226 463 327 539; x_wconf 80' lang='lat' dir='ltr'>Saepe</span> <span class='ocrx_word' id='word_1_10' title='bbox 344 464 445 524; x_wconf 79' lang='lat' dir='ltr'><strong>solent</strong></span> <span class='ocrx_word' id='word_1_11' title='bbox 457 463 587 524; x_wconf 86' lang='lat' dir='ltr'><strong>hiemem</strong></span> <span class='ocrx_word' id='word_1_12' title='bbox 601 463 754 539; x_wconf 81' lang='lat' dir='ltr'>placidam</span> <span class='ocrx_word' id='word_1_13' title='bbox 768 462 880 523; x_wconf 87' lang='lat' dir='ltr'><strong>sentire</strong></span> <span class='ocrx_word' id='word_1_14' title='bbox 894 461 1034 522; x_wconf 80' lang='lat' dir='ltr'><strong>carinae:</strong></span> <span class='ocrx_word' id='word_1_15' title='bbox 1054 468 1058 473; x_wconf 82' lang='grc'>·</span> <span class='ocrx_word' id='word_1_16' title='bbox 1088 520 1093 533; x_wconf 58' lang='grc'><strong>,</strong></span> 
     </span>
     <span class='ocr_line' id='line_1_4' title="bbox 176 545 898 622; baseline -0.01 -11"><span class='ocrx_word' id='word_1_17' title='bbox 176 555 212 611; x_wconf 82' lang='lat'><strong>60</strong></span> <span class='ocrx_word' id='word_1_18' title='bbox 266 546 333 607; x_wconf 87' lang='lat' dir='ltr'><strong>Nan</strong></span> <span class='ocrx_word' id='word_1_19' title='bbox 347 547 469 607; x_wconf 78' lang='lat' dir='ltr'>Ithacae</span> <span class='ocrx_word' id='word_1_20' title='bbox 484 546 580 622; x_wconf 85' lang='lat' dir='ltr'><strong>puppi</strong></span> <span class='ocrx_word' id='word_1_21' title='bbox 597 547 720 607; x_wconf 85' lang='lat' dir='ltr'><strong>saevior</strong></span> <span class='ocrx_word' id='word_1_22' title='bbox 733 546 818 605; x_wconf 87' lang='lat' dir='ltr'><strong>unda</strong></span> <span class='ocrx_word' id='word_1_23' title='bbox 834 545 898 604; x_wconf 83' lang='lat' dir='ltr'><strong>suit</strong></span> 
     </span>
     <span class='ocr_line' id='line_1_5' title="bbox 224 629 1057 706; baseline -0.011 -14"><span class='ocrx_word' id='word_1_24' title='bbox 224 631 319 692; x_wconf 84' lang='lat' dir='ltr'><strong>Recta</strong></span> <span class='ocrx_word' id='word_1_25' title='bbox 337 630 416 691; x_wconf 87' lang='lat' dir='ltr'><strong>fides</strong></span> <span class='ocrx_word' id='word_1_26' title='bbox 437 631 577 690; x_wconf 88' lang='lat' dir='ltr'><strong>comitum</strong></span> <span class='ocrx_word' id='word_1_27' title='bbox 592 636 711 706; x_wconf 85' lang='lat' dir='ltr'><strong>poterat</strong></span> <span class='ocrx_word' id='word_1_28' title='bbox 727 630 806 689; x_wconf 86' lang='lat' dir='ltr'><strong>maia</strong></span> <span class='ocrx_word' id='word_1_29' title='bbox 820 634 926 689; x_wconf 85' lang='lat' dir='ltr'><strong>ncstm</strong></span> <span class='ocrx_word' id='word_1_30' title='bbox 940 629 1057 689; x_wconf 65' lang='grc'><strong>1666666</strong></span> 
     </span>
     <span class='ocr_line' id='line_1_6' title="bbox 257 712 923 788; baseline -0.005 -14"><span class='ocrx_word' id='word_1_31' title='bbox 257 714 365 775; x_wconf 38' lang='lat' dir='ltr'><strong>‘Ditata</strong></span> <span class='ocrx_word' id='word_1_32' title='bbox 379 721 426 774; x_wconf 89' lang='lat' dir='ltr'><strong>est</strong></span> <span class='ocrx_word' id='word_1_33' title='bbox 439 713 546 788; x_wconf 87' lang='lat' dir='ltr'><strong>spatiis</strong></span> <span class='ocrx_word' id='word_1_34' title='bbox 562 713 680 787; x_wconf 85' lang='lat' dir='ltr'><strong>perfida</strong></span> <span class='ocrx_word' id='word_1_35' title='bbox 694 713 783 773; x_wconf 83' lang='lat' dir='ltr'><strong>turba</strong></span> <span class='ocrx_word' id='word_1_36' title='bbox 796 712 883 772; x_wconf 89' lang='lat' dir='ltr'><strong>meis.</strong></span> <span class='ocrx_word' id='word_1_37' title='bbox 919 722 923 741; x_wconf 83' lang='lat'><strong>·</strong></span> 
     </span>
     <span class='ocr_line' id='line_1_7' title="bbox 223 796 896 858; baseline -0.006 0"><span class='ocrx_word' id='word_1_38' title='bbox 223 798 325 858; x_wconf 89' lang='lat' dir='ltr'><strong>Mitius</strong></span> <span class='ocrx_word' id='word_1_39' title='bbox 341 799 462 856; x_wconf 88' lang='lat' dir='ltr'><strong>exitium</strong></span> <span class='ocrx_word' id='word_1_40' title='bbox 477 796 590 857; x_wconf 82' lang='lat' dir='ltr'><strong>iaciunt</strong></span> <span class='ocrx_word' id='word_1_41' title='bbox 604 798 685 856; x_wconf 86' lang='lat' dir='ltr'><strong>loca.</strong></span> <span class='ocrx_word' id='word_1_42' title='bbox 710 797 823 857; x_wconf 82' lang='lat' dir='ltr'><strong>tristior</strong></span> <span class='ocrx_word' id='word_1_43' title='bbox 837 797 896 855; x_wconf 86' lang='lat' dir='ltr'><strong>ista</strong></span> 
     </span>
     <span class='ocr_line' id='line_1_8' title="bbox 265 877 947 955; baseline -0.006 -16"><span class='ocrx_word' id='word_1_44' title='bbox 265 882 356 940; x_wconf 88' lang='lat' dir='ltr'><strong>Terra</strong></span> <span class='ocrx_word' id='word_1_45' title='bbox 372 879 428 939; x_wconf 88' lang='lat' dir='ltr'><strong>sub</strong></span> <span class='ocrx_word' id='word_1_46' title='bbox 444 878 593 939; x_wconf 89' lang='lat' dir='ltr'><strong>ambobus</strong></span> <span class='ocrx_word' id='word_1_47' title='bbox 608 895 670 939; x_wconf 86' lang='lat' dir='ltr'><strong>non</strong></span> <span class='ocrx_word' id='word_1_48' title='bbox 688 879 767 940; x_wconf 89' lang='lat' dir='ltr'><strong>iacet</strong></span> <span class='ocrx_word' id='word_1_49' title='bbox 780 880 842 940; x_wconf 88' lang='grc'><strong>6116</strong></span> <span class='ocrx_word' id='word_1_50' title='bbox 858 877 947 955; x_wconf 85' lang='lat' dir='ltr'><strong>polis.</strong></span> 
     </span>
     <span class='ocr_line' id='line_1_9' title="bbox 176 962 930 1038; baseline -0.004 -14"><span class='ocrx_word' id='word_1_51' title='bbox 176 963 423 1036; x_wconf 70' lang='lat' dir='ltr'><strong>musculique,</strong></span> <span class='ocrx_word' id='word_1_52' title='bbox 443 963 548 1038; x_wconf 86' lang='lat' dir='ltr'><strong>patriis</strong></span> <span class='ocrx_word' id='word_1_53' title='bbox 566 963 696 1024; x_wconf 85' lang='lat' dir='ltr'><strong>vicinum</strong></span> <span class='ocrx_word' id='word_1_54' title='bbox 711 962 823 1022; x_wconf 87' lang='lat' dir='ltr'><strong>finibus</strong></span> <span class='ocrx_word' id='word_1_55' title='bbox 842 977 930 1022; x_wconf 80' lang='lat' dir='ltr'><strong>esse:</strong></span> 
     </span>
     <span class='ocr_line' id='line_1_10' title="bbox 264 1044 910 1120; baseline -0.006 -13"><span class='ocrx_word' id='word_1_56' title='bbox 264 1046 374 1108; x_wconf 85' lang='lat' dir='ltr'><strong>Ultima</strong></span> <span class='ocrx_word' id='word_1_57' title='bbox 387 1062 436 1104; x_wconf 93' lang='lat' dir='ltr'><strong>me</strong></span> <span class='ocrx_word' id='word_1_58' title='bbox 454 1046 559 1120; x_wconf 85' lang='lat' dir='ltr'><strong>tetius,</strong></span> <span class='ocrx_word' id='word_1_59' title='bbox 574 1046 696 1106; x_wconf 81' lang='lat' dir='ltr'><strong>ultimus</strong></span> <span class='ocrx_word' id='word_1_60' title='bbox 712 1046 796 1106; x_wconf 86' lang='lat' dir='ltr'><strong>orbis</strong></span> <span class='ocrx_word' id='word_1_61' title='bbox 810 1044 910 1105; x_wconf 86' lang='lat' dir='ltr'><strong>habet.</strong></span> 
     </span>
     <span class='ocr_line' id='line_1_11' title="bbox 222 1126 1034 1206; baseline -0.009 -16"><span class='ocrx_word' id='word_1_62' title='bbox 222 1130 358 1190; x_wconf 83' lang='lat' dir='ltr'><strong>Praestat</strong></span> <span class='ocrx_word' id='word_1_63' title='bbox 374 1136 404 1189; x_wconf 88' lang='lat' dir='ltr'><strong>et</strong></span> <span class='ocrx_word' id='word_1_64' title='bbox 419 1126 559 1190; x_wconf 77' lang='lat' dir='ltr'><strong>cautibus</strong></span> <span class='ocrx_word' id='word_1_65' title='bbox 577 1144 685 1206; x_wconf 81' lang='lat' dir='ltr'><strong>pacem</strong></span> <span class='ocrx_word' id='word_1_66' title='bbox 698 1136 749 1190; x_wconf 84' lang='lat' dir='ltr'><strong>tua</strong></span> <span class='ocrx_word' id='word_1_67' title='bbox 764 1130 884 1201; x_wconf 83' lang='lat' dir='ltr'><strong>laurea,</strong></span> <span class='ocrx_word' id='word_1_68' title='bbox 905 1128 1034 1188; x_wconf 76' lang='lat' dir='ltr'><strong>Caesar:</strong></span> 
     </span>
     <span class='ocr_line' id='line_1_12' title="bbox 263 1212 896 1273; baseline -0.003 -2"><span class='ocrx_word' id='word_1_69' title='bbox 263 1212 388 1272; x_wconf 83' lang='lat' dir='ltr'><strong>Pontica</strong></span> <span class='ocrx_word' id='word_1_70' title='bbox 402 1213 527 1273; x_wconf 82' lang='lat' dir='ltr'><strong>finitima</strong></span> <span class='ocrx_word' id='word_1_71' title='bbox 543 1219 621 1272; x_wconf 91' lang='lat' dir='ltr'><strong>terra</strong></span> <span class='ocrx_word' id='word_1_72' title='bbox 636 1212 693 1273; x_wconf 89' lang='lat' dir='ltr'><strong>sub</strong></span> <span class='ocrx_word' id='word_1_73' title='bbox 707 1212 796 1272; x_wconf 84' lang='lat' dir='ltr'><strong>hoste</strong></span> <span class='ocrx_word' id='word_1_74' title='bbox 809 1212 896 1272; x_wconf 87' lang='lat' dir='ltr'><strong>iacet.</strong></span> 
     </span>
     <span class='ocr_line' id='line_1_13' title="bbox 222 1294 1039 1371; baseline -0.011 -14"><span class='ocrx_word' id='word_1_75' title='bbox 222 1297 355 1371; x_wconf 83' lang='lat' dir='ltr'>Tempus</span> <span class='ocrx_word' id='word_1_76' title='bbox 373 1294 404 1355; x_wconf 91' lang='lat' dir='ltr'><strong>in</strong></span> <span class='ocrx_word' id='word_1_77' title='bbox 419 1312 561 1371; x_wconf 79' lang='lat' dir='ltr'><strong>agrorum</strong></span> <span class='ocrx_word' id='word_1_78' title='bbox 576 1297 657 1356; x_wconf 83' lang='lat' dir='ltr'><strong>cuitu</strong></span> <span class='ocrx_word' id='word_1_79' title='bbox 672 1311 852 1355; x_wconf 82' lang='lat' dir='ltr'><strong>consumere</strong></span> <span class='ocrx_word' id='word_1_80' title='bbox 867 1295 956 1366; x_wconf 80' lang='lat' dir='ltr'><strong>dulce</strong></span> <span class='ocrx_word' id='word_1_81' title='bbox 975 1300 1039 1354; x_wconf 82' lang='lat' dir='ltr'><strong>est:</strong></span> 
     </span>
     <span class='ocr_line' id='line_1_14' title="bbox 173 1377 971 1454; baseline -0.013 -11"><span class='ocrx_word' id='word_1_82' title='bbox 173 1391 208 1446; x_wconf 81' lang='lat' dir='ltr'><strong>to</strong></span> <span class='ocrx_word' id='word_1_83' title='bbox 263 1380 329 1438; x_wconf 89' lang='lat' dir='ltr'><strong>Non</strong></span> <span class='ocrx_word' id='word_1_84' title='bbox 346 1379 457 1454; x_wconf 88' lang='lat' dir='ltr'><strong>patitur</strong></span> <span class='ocrx_word' id='word_1_85' title='bbox 472 1381 547 1440; x_wconf 88' lang='lat' dir='ltr'><strong>verti</strong></span> <span class='ocrx_word' id='word_1_86' title='bbox 560 1379 709 1439; x_wconf 85' lang='lat' dir='ltr'><strong>barbarus</strong></span> <span class='ocrx_word' id='word_1_87' title='bbox 725 1378 823 1439; x_wconf 84' lang='lat' dir='ltr'><strong>hostis</strong></span> <span class='ocrx_word' id='word_1_88' title='bbox 837 1377 971 1437; x_wconf 90' lang='lat' dir='ltr'><strong>humum.</strong></span> 
     </span>
     <span class='ocr_line' id='line_1_15' title="bbox 222 1460 1022 1538; baseline -0.011 -15"><span class='ocrx_word' id='word_1_89' title='bbox 222 1463 380 1537; x_wconf 81' lang='lat' dir='ltr'><strong>Tenrperie</strong></span> <span class='ocrx_word' id='word_1_90' title='bbox 395 1462 471 1523; x_wconf 89' lang='lat' dir='ltr'><strong>caeli</strong></span> <span class='ocrx_word' id='word_1_91' title='bbox 485 1478 659 1538; x_wconf 79' lang='lat' dir='ltr'><strong>corpusque</strong></span> <span class='ocrx_word' id='word_1_92' title='bbox 674 1460 854 1537; x_wconf 86' lang='lat' dir='ltr'><strong>animusque</strong></span> <span class='ocrx_word' id='word_1_93' title='bbox 869 1463 1022 1521; x_wconf 77' lang='lat' dir='ltr'><strong>iuvantur:</strong></span> 
     </span>
     <span class='ocr_line' id='line_1_16' title="bbox 264 1545 884 1622; baseline -0.006 -16"><span class='ocrx_word' id='word_1_94' title='bbox 264 1547 389 1621; x_wconf 82' lang='lat' dir='ltr'><strong>Frigore</strong></span> <span class='ocrx_word' id='word_1_95' title='bbox 402 1554 550 1622; x_wconf 86' lang='lat' dir='ltr'><strong>perpetuo</strong></span> <span class='ocrx_word' id='word_1_96' title='bbox 568 1546 714 1606; x_wconf 89' lang='lat' dir='ltr'><strong>Sarmatis</strong></span> <span class='ocrx_word' id='word_1_97' title='bbox 731 1562 785 1607; x_wconf 88' lang='lat' dir='ltr'><strong>ura</strong></span> <span class='ocrx_word' id='word_1_98' title='bbox 798 1545 884 1619; x_wconf 80' lang='lat' dir='ltr'><strong>riget.</strong></span> 
     </span>
     <span class='ocr_line' id='line_1_17' title="bbox 221 1629 931 1706; baseline -0.011 -16"><span class='ocrx_word' id='word_1_99' title='bbox 221 1631 276 1690; x_wconf 87' lang='lat' dir='ltr'><strong>Est</strong></span> <span class='ocrx_word' id='word_1_100' title='bbox 290 1631 320 1689; x_wconf 89' lang='lat' dir='ltr'><strong>in</strong></span> <span class='ocrx_word' id='word_1_101' title='bbox 340 1646 420 1706; x_wconf 91' lang='lat' dir='ltr'><strong>aqua</strong></span> <span class='ocrx_word' id='word_1_102' title='bbox 436 1630 590 1690; x_wconf 84' lang='lat' dir='ltr'><strong>dulcinen</strong></span> <span class='ocrx_word' id='word_1_103' title='bbox 606 1629 760 1690; x_wconf 88' lang='lat' dir='ltr'><strong>invidiosa</strong></span> <span class='ocrx_word' id='word_1_104' title='bbox 773 1630 931 1703; x_wconf 78' lang='lat' dir='ltr'><strong>voluptas:</strong></span> 
     </span>
     <span class='ocr_line' id='line_1_18' title="bbox 264 1712 937 1789; baseline -0.007 -17"><span class='ocrx_word' id='word_1_105' title='bbox 264 1717 428 1789; x_wconf 79' lang='lat' dir='ltr'><strong>Aequoreo</strong></span> <span class='ocrx_word' id='word_1_106' title='bbox 443 1712 555 1774; x_wconf 88' lang='lat' dir='ltr'><strong>bibitur</strong></span> <span class='ocrx_word' id='word_1_107' title='bbox 569 1729 637 1773; x_wconf 85' lang='lat' dir='ltr'><strong>cum</strong></span> <span class='ocrx_word' id='word_1_108' title='bbox 651 1715 716 1773; x_wconf 84' lang='lat' dir='ltr'><strong>saie</strong></span> <span class='ocrx_word' id='word_1_109' title='bbox 732 1713 824 1772; x_wconf 85' lang='lat' dir='ltr'><strong>mixta</strong></span> <span class='ocrx_word' id='word_1_110' title='bbox 839 1712 937 1786; x_wconf 75' lang='lat' dir='ltr'><strong>palus,</strong></span> 
     </span>
     <span class='ocr_line' id='line_1_19' title="bbox 171 1795 988 1859; baseline -0.015 0"><span class='ocrx_word' id='word_1_111' title='bbox 171 1802 204 1859; x_wconf 78' lang='lat' dir='ltr'><strong>ta</strong></span> <span class='ocrx_word' id='word_1_112' title='bbox 219 1797 490 1858; x_wconf 64' lang='lat' dir='ltr'><strong>Omnia‘deiiciunt.</strong></span> <span class='ocrx_word' id='word_1_113' title='bbox 507 1797 635 1857; x_wconf 82' lang='lat' dir='ltr'><strong>Animus</strong></span> <span class='ocrx_word' id='word_1_114' title='bbox 649 1804 749 1856; x_wconf 85' lang='lat' dir='ltr'><strong>tamen</strong></span> <span class='ocrx_word' id='word_1_115' title='bbox 769 1796 870 1855; x_wconf 88' lang='lat' dir='ltr'><strong>omnia</strong></span> <span class='ocrx_word' id='word_1_116' title='bbox 882 1795 988 1855; x_wconf 81' lang='lat' dir='ltr'><strong>vincit:</strong></span> 
     </span>
     <span class='ocr_line' id='line_1_20' title="bbox 263 1878 989 1954; baseline -0.004 -15"><span class='ocrx_word' id='word_1_117' title='bbox 263 1882 316 1939; x_wconf 89' lang='grc'><strong>1116</strong></span> <span class='ocrx_word' id='word_1_118' title='bbox 336 1882 425 1941; x_wconf 87' lang='lat' dir='ltr'><strong>etiam</strong></span> <span class='ocrx_word' id='word_1_119' title='bbox 439 1882 522 1939; x_wconf 87' lang='lat' dir='ltr'><strong>vires</strong></span> <span class='ocrx_word' id='word_1_120' title='bbox 536 1895 651 1954; x_wconf 85' lang='lat' dir='ltr'><strong>cerpus</strong></span> <span class='ocrx_word' id='word_1_121' title='bbox 664 1879 778 1938; x_wconf 88' lang='lat' dir='ltr'><strong>habere</strong></span> <span class='ocrx_word' id='word_1_122' title='bbox 797 1878 879 1937; x_wconf 77' lang='lat' dir='ltr'><strong>iacit.</strong></span> <span class='ocrx_word' id='word_1_123' title='bbox 984 1922 989 1925; x_wconf 86' lang='grc'><strong>-</strong></span> 
     </span>
     <span class='ocr_line' id='line_1_21' title="bbox 223 1961 1027 2036; baseline -0.006 -12"><span class='ocrx_word' id='word_1_124' title='bbox 223 1965 380 2027; x_wconf 73' lang='lat' dir='ltr'><strong>Stetimus</strong></span> <span class='ocrx_word' id='word_1_125' title='bbox 402 1972 433 2024; x_wconf 92' lang='lat' dir='ltr'><strong>ut</strong></span> <span class='ocrx_word' id='word_1_126' title='bbox 447 1978 543 2036; x_wconf 86' lang='lat' dir='ltr'><strong>enus,</strong></span> <span class='ocrx_word' id='word_1_127' title='bbox 562 1964 717 2022; x_wconf 87' lang='lat' dir='ltr'><strong>nitendum</strong></span> <span class='ocrx_word' id='word_1_128' title='bbox 732 1961 845 2020; x_wconf 84' lang='lat' dir='ltr'><strong>vertice</strong></span> <span class='ocrx_word' id='word_1_129' title='bbox 861 1962 952 2036; x_wconf 84' lang='lat' dir='ltr'><strong>piena</strong></span> <span class='ocrx_word' id='word_1_130' title='bbox 971 1968 1027 2032; x_wconf 84' lang='lat' dir='ltr'><strong>cst,</strong></span> 
     </span>
     <span class='ocr_line' id='line_1_22' title="bbox 262 2045 849 2120; baseline -0.002 -14"><span class='ocrx_word' id='word_1_131' title='bbox 262 2050 323 2113; x_wconf 75' lang='lat' dir='ltr'><strong>Aut</strong></span> <span class='ocrx_word' id='word_1_132' title='bbox 337 2048 417 2106; x_wconf 90' lang='lat' dir='ltr'><strong>flecti</strong></span> <span class='ocrx_word' id='word_1_133' title='bbox 435 2061 548 2106; x_wconf 86' lang='lat' dir='ltr'><strong>nervos</strong></span> <span class='ocrx_word' id='word_1_134' title='bbox 564 2048 590 2105; x_wconf 88' lang='lat' dir='ltr'><strong>si</strong></span> <span class='ocrx_word' id='word_1_135' title='bbox 606 2046 735 2120; x_wconf 86' lang='lat' dir='ltr'><strong>patiere,</strong></span> <span class='ocrx_word' id='word_1_136' title='bbox 752 2045 849 2106; x_wconf 79' lang='lat' dir='ltr'><strong>cadet</strong></span> 
     </span>
     <span class='ocr_line' id='line_1_23' title="bbox 222 2127 1101 2204; baseline -0.005 -15"><span class='ocrx_word' id='word_1_137' title='bbox 222 2129 301 2203; x_wconf 81' lang='lat' dir='ltr'><strong>Spes</strong></span> <span class='ocrx_word' id='word_1_138' title='bbox 318 2145 457 2204; x_wconf 88' lang='lat' dir='ltr'><strong>quoque,</strong></span> <span class='ocrx_word' id='word_1_139' title='bbox 474 2145 569 2204; x_wconf 87' lang='lat' dir='ltr'><strong>posse</strong></span> <span class='ocrx_word' id='word_1_140' title='bbox 583 2144 669 2188; x_wconf 88' lang='lat' dir='ltr'><strong>mora</strong></span> <span class='ocrx_word' id='word_1_141' title='bbox 682 2130 844 2190; x_wconf 70' lang='lat' dir='ltr'><strong>mitescere</strong></span> <span class='ocrx_word' id='word_1_142' title='bbox 858 2127 1004 2203; x_wconf 86' lang='lat' dir='ltr'><strong>principis</strong></span> <span class='ocrx_word' id='word_1_143' title='bbox 1018 2129 1101 2199; x_wconf 80' lang='lat' dir='ltr'><strong>iram,</strong></span> 
     </span>
     <span class='ocr_line' id='line_1_24' title="bbox 170 2212 1086 2287; baseline -0.007 -11"><span class='ocrx_word' id='word_1_144' title='bbox 170 2223 205 2276; x_wconf 82' lang='lat'><strong>80</strong></span> <span class='ocrx_word' id='word_1_145' title='bbox 257 2214 372 2272; x_wconf 85' lang='lat' dir='ltr'><strong>Vivere</strong></span> <span class='ocrx_word' id='word_1_146' title='bbox 386 2229 425 2272; x_wconf 86' lang='lat' dir='ltr'><strong>ne</strong></span> <span class='ocrx_word' id='word_1_147' title='bbox 439 2213 530 2272; x_wconf 87' lang='lat' dir='ltr'><strong>nolim</strong></span> <span class='ocrx_word' id='word_1_148' title='bbox 547 2212 764 2287; x_wconf 69' lang='lat' dir='ltr'><strong>deiciamque,</strong></span> <span class='ocrx_word' id='word_1_149' title='bbox 784 2218 882 2271; x_wconf 87' lang='lat' dir='ltr'><strong>cavet.</strong></span> <span class='ocrx_word' id='word_1_150' title='bbox 1081 2214 1086 2224; x_wconf 83' lang='lat'><strong><em>‘</em></strong></span> 
     </span>
     <span class='ocr_line' id='line_1_25' title="bbox 219 2295 906 2371; baseline 0.001 -17"><span class='ocrx_word' id='word_1_151' title='bbox 219 2296 281 2354; x_wconf 91' lang='lat' dir='ltr'><strong>Nec</strong></span> <span class='ocrx_word' id='word_1_152' title='bbox 295 2312 354 2355; x_wconf 88' lang='lat' dir='ltr'><strong>vos</strong></span> <span class='ocrx_word' id='word_1_153' title='bbox 368 2311 464 2371; x_wconf 86' lang='lat' dir='ltr'><strong>parva</strong></span> <span class='ocrx_word' id='word_1_154' title='bbox 478 2296 557 2357; x_wconf 89' lang='lat' dir='ltr'><strong>datis</strong></span> <span class='ocrx_word' id='word_1_155' title='bbox 573 2297 663 2370; x_wconf 90' lang='lat' dir='ltr'><strong>pauci</strong></span> <span class='ocrx_word' id='word_1_156' title='bbox 678 2296 794 2355; x_wconf 83' lang='lat' dir='ltr'><strong>solacia</strong></span> <span class='ocrx_word' id='word_1_157' title='bbox 808 2295 906 2368; x_wconf 85' lang='lat' dir='ltr'><strong>nubis,</strong></span> 
     </span>
     <span class='ocr_line' id='line_1_26' title="bbox 262 2378 995 2456; baseline 0.008 -25"><span class='ocrx_word' id='word_1_158' title='bbox 262 2379 394 2452; x_wconf 80' lang='lat' dir='ltr'><strong>Quorum</strong></span> <span class='ocrx_word' id='word_1_159' title='bbox 409 2385 547 2456; x_wconf 81' lang='lat' dir='ltr'><strong>spectata</strong></span> <span class='ocrx_word' id='word_1_160' title='bbox 561 2387 609 2439; x_wconf 81' lang='lat' dir='ltr'><strong>est</strong></span> <span class='ocrx_word' id='word_1_161' title='bbox 625 2394 679 2454; x_wconf 85' lang='lat' dir='ltr'><strong>per</strong></span> <span class='ocrx_word' id='word_1_162' title='bbox 694 2379 772 2438; x_wconf 80' lang='lat' dir='ltr'><strong>raaia</strong></span> <span class='ocrx_word' id='word_1_163' title='bbox 787 2385 891 2439; x_wconf 84' lang='lat' dir='ltr'><strong>nostra</strong></span> <span class='ocrx_word' id='word_1_164' title='bbox 904 2378 995 2439; x_wconf 87' lang='lat' dir='ltr'><strong>fidas.</strong></span> 
     </span>
     <span class='ocr_line' id='line_1_27' title="bbox 221 2462 1145 2539; baseline 0 -19"><span class='ocrx_word' id='word_1_165' title='bbox 221 2462 428 2537; x_wconf 74' lang='lat' dir='ltr'><strong>coeptatam,</strong></span> <span class='ocrx_word' id='word_1_166' title='bbox 446 2477 573 2539; x_wconf 87' lang='lat' dir='ltr'><strong>quaeso,</strong></span> <span class='ocrx_word' id='word_1_167' title='bbox 589 2478 689 2537; x_wconf 88' lang='lat' dir='ltr'><strong>neque</strong></span> <span class='ocrx_word' id='word_1_168' title='bbox 704 2463 733 2521; x_wconf 87' lang='lat' dir='ltr'><strong>in</strong></span> <span class='ocrx_word' id='word_1_169' title='bbox 749 2477 884 2536; x_wconf 89' lang='lat' dir='ltr'><strong>aequore</strong></span> <span class='ocrx_word' id='word_1_170' title='bbox 899 2462 1009 2523; x_wconf 89' lang='lat' dir='ltr'><strong>desere</strong></span> <span class='ocrx_word' id='word_1_171' title='bbox 1023 2476 1145 2533; x_wconf 83' lang='lat' dir='ltr'><strong>narem,</strong></span> 
     </span>
     <span class='ocr_line' id='line_1_28' title="bbox 260 2546 908 2622; baseline -0.003 -16"><span class='ocrx_word' id='word_1_172' title='bbox 260 2546 372 2622; x_wconf 86' lang='lat' dir='ltr'><strong>Meque</strong></span> <span class='ocrx_word' id='word_1_173' title='bbox 387 2546 475 2608; x_wconf 86' lang='lat' dir='ltr'><strong>simui</strong></span> <span class='ocrx_word' id='word_1_174' title='bbox 490 2561 581 2607; x_wconf 87' lang='lat' dir='ltr'><strong>serva</strong></span> <span class='ocrx_word' id='word_1_175' title='bbox 595 2546 801 2620; x_wconf 83' lang='lat' dir='ltr'><strong>iudiciumque</strong></span> <span class='ocrx_word' id='word_1_176' title='bbox 815 2552 908 2606; x_wconf 83' lang='lat' dir='ltr'><strong>tuum.</strong></span> 
     </span>
    </p>
   </div>
   <div class='ocr_carea' id='block_1_3' title="bbox 49 2714 459 2827">
    <p class='ocr_par' dir='ltr' id='par_1_3' title="bbox 49 2714 459 2827">
     <span class='ocr_line' id='line_1_29' title="bbox 49 2714 459 2827; baseline 0.01 -7"><span class='ocrx_word' id='word_1_177' title='bbox 49 2714 57 2727; x_wconf 55' lang='lat'><strong>⁴</strong></span> <span class='ocrx_word' id='word_1_178' title='bbox 169 2726 209 2821; x_wconf 83' lang='lat'><strong>8.</strong></span> <span class='ocrx_word' id='word_1_179' title='bbox 268 2764 459 2827; x_wconf 73' lang='grc'><strong>666666.</strong></span> 
     </span>
    </p>
   </div>
   <div class='ocr_carea' id='block_1_4' title="bbox 192 2842 1105 3525">
    <p class='ocr_par' dir='ltr' id='par_1_4' title="bbox 192 2842 1105 3525">
     <span class='ocr_line' id='line_1_30' title="bbox 220 2842 1033 2955; baseline 0.001 -18"><span class='ocrx_word' id='word_1_180' title='bbox 220 2842 378 2940; x_wconf 70' lang='lat' dir='ltr'><strong>Redditus</strong></span> <span class='ocrx_word' id='word_1_181' title='bbox 397 2888 445 2942; x_wconf 90' lang='lat' dir='ltr'><strong>est</strong></span> <span class='ocrx_word' id='word_1_182' title='bbox 459 2881 548 2943; x_wconf 82' lang='lat' dir='ltr'><strong>nabis</strong></span> <span class='ocrx_word' id='word_1_183' title='bbox 568 2880 681 2941; x_wconf 76' lang='lat' dir='ltr'><strong>caesar</strong></span> <span class='ocrx_word' id='word_1_184' title='bbox 697 2897 766 2941; x_wconf 82' lang='lat' dir='ltr'><strong>cum</strong></span> <span class='ocrx_word' id='word_1_185' title='bbox 783 2881 1033 2955; x_wconf 79' lang='lat' dir='ltr'><strong>Caesareanum,</strong></span> 
     </span>
     <span class='ocr_line' id='line_1_31' title="bbox 244 2960 1006 3038; baseline -0.001 -15"><span class='ocrx_word' id='word_1_186' title='bbox 244 2960 344 3038; x_wconf 84' lang='lat' dir='ltr'><strong>&#39;Quas</strong></span> <span class='ocrx_word' id='word_1_187' title='bbox 359 2964 431 3023; x_wconf 89' lang='lat' dir='ltr'><strong>mihi</strong></span> <span class='ocrx_word' id='word_1_188' title='bbox 449 2966 571 3038; x_wconf 89' lang='lat' dir='ltr'><strong>misisti,</strong></span> <span class='ocrx_word' id='word_1_189' title='bbox 586 2964 718 3024; x_wconf 86' lang='lat' dir='ltr'><strong>Maxime</strong></span> <span class='ocrx_word' id='word_1_190' title='bbox 733 2964 834 3036; x_wconf 87' lang='lat' dir='ltr'><strong>Cotta,</strong></span> <span class='ocrx_word' id='word_1_191' title='bbox 851 2964 939 3026; x_wconf 86' lang='lat' dir='ltr'><strong>deos.</strong></span> <span class='ocrx_word' id='word_1_192' title='bbox 997 2960 1006 2977; x_wconf 93' lang='lat'><strong><em>‘</em></strong></span> 
     </span>
     <span class='ocr_line' id='line_1_32' title="bbox 219 3046 1105 3123; baseline -0.002 -15"><span class='ocrx_word' id='word_1_193' title='bbox 219 3047 319 3122; x_wconf 89' lang='lat' dir='ltr'><strong>thue</strong></span> <span class='ocrx_word' id='word_1_194' title='bbox 337 3054 420 3107; x_wconf 89' lang='lat' dir='ltr'><strong>tuum</strong></span> <span class='ocrx_word' id='word_1_195' title='bbox 434 3064 544 3109; x_wconf 90' lang='lat' dir='ltr'><strong>munus</strong></span> <span class='ocrx_word' id='word_1_196' title='bbox 555 3062 728 3121; x_wconf 88' lang='lat' dir='ltr'><strong>numerum,</strong></span> <span class='ocrx_word' id='word_1_197' title='bbox 746 3064 834 3123; x_wconf 91' lang='lat' dir='ltr'><strong>quem</strong></span> <span class='ocrx_word' id='word_1_198' title='bbox 851 3046 957 3118; x_wconf 87' lang='lat' dir='ltr'><strong>debet,</strong></span> <span class='ocrx_word' id='word_1_199' title='bbox 973 3046 1105 3123; x_wconf 87' lang='lat' dir='ltr'><strong>haberet,</strong></span> 
     </span>
     <span class='ocr_line' id='line_1_33' title="bbox 261 3129 877 3192; baseline -0.006 -2"><span class='ocrx_word' id='word_1_200' title='bbox 261 3131 316 3190; x_wconf 88' lang='lat' dir='ltr'><strong>Est</strong></span> <span class='ocrx_word' id='word_1_201' title='bbox 334 3129 375 3189; x_wconf 85' lang='lat' dir='ltr'><strong>ibi</strong></span> <span class='ocrx_word' id='word_1_202' title='bbox 389 3131 573 3192; x_wconf 80' lang='lat' dir='ltr'><strong>Caesaribus</strong></span> <span class='ocrx_word' id='word_1_203' title='bbox 586 3130 673 3191; x_wconf 86' lang='lat' dir='ltr'><strong>Livia</strong></span> <span class='ocrx_word' id='word_1_204' title='bbox 687 3131 790 3192; x_wconf 86' lang='lat' dir='ltr'><strong>iuncta</strong></span> <span class='ocrx_word' id='word_1_205' title='bbox 804 3130 877 3191; x_wconf 89' lang='lat' dir='ltr'><strong>suis.</strong></span> 
     </span>
     <span class='ocr_line' id='line_1_34' title="bbox 192 3213 868 3288; baseline -0.001 -14"><span class='ocrx_word' id='word_1_206' title='bbox 192 3215 388 3287; x_wconf 67' lang='lat' dir='ltr'><strong>surgentum</strong></span> <span class='ocrx_word' id='word_1_207' title='bbox 403 3214 476 3273; x_wconf 83' lang='lat' dir='ltr'><strong>felix</strong></span> <span class='ocrx_word' id='word_1_208' title='bbox 495 3215 636 3288; x_wconf 88' lang='lat' dir='ltr'><strong>omnique</strong></span> <span class='ocrx_word' id='word_1_209' title='bbox 652 3213 770 3274; x_wconf 86' lang='lat' dir='ltr'><strong>beatius</strong></span> <span class='ocrx_word' id='word_1_210' title='bbox 784 3229 868 3285; x_wconf 88' lang='lat' dir='ltr'><strong>aura,</strong></span> 
     </span>
     <span class='ocr_line' id='line_1_35' title="bbox 262 3295 1029 3372; baseline 0.001 -15"><span class='ocrx_word' id='word_1_211' title='bbox 262 3296 350 3371; x_wconf 83' lang='lat' dir='ltr'><strong>Quod</strong></span> <span class='ocrx_word' id='word_1_212' title='bbox 367 3298 457 3357; x_wconf 82' lang='lat' dir='ltr'><strong>suerit</strong></span> <span class='ocrx_word' id='word_1_213' title='bbox 470 3299 599 3372; x_wconf 88' lang='lat' dir='ltr'><strong>pretium</strong></span> <span class='ocrx_word' id='word_1_214' title='bbox 614 3313 680 3356; x_wconf 88' lang='lat' dir='ltr'><strong>cum</strong></span> <span class='ocrx_word' id='word_1_215' title='bbox 696 3297 786 3369; x_wconf 85' lang='lat' dir='ltr'><strong>rude,</strong></span> <span class='ocrx_word' id='word_1_216' title='bbox 802 3312 913 3355; x_wconf 86' lang='lat' dir='ltr'><strong>numen</strong></span> <span class='ocrx_word' id='word_1_217' title='bbox 928 3295 1029 3358; x_wconf 81' lang='lat' dir='ltr'><strong>habet</strong></span> 
     </span>
     <span class='ocr_line' id='line_1_36' title="bbox 219 3379 920 3452; baseline 0.004 -15"><span class='ocrx_word' id='word_1_218' title='bbox 219 3379 285 3441; x_wconf 87' lang='lat' dir='ltr'><strong>Nan</strong></span> <span class='ocrx_word' id='word_1_219' title='bbox 300 3381 371 3440; x_wconf 90' lang='lat' dir='ltr'><strong>mihi</strong></span> <span class='ocrx_word' id='word_1_220' title='bbox 387 3381 508 3440; x_wconf 89' lang='lat' dir='ltr'><strong>divitias</strong></span> <span class='ocrx_word' id='word_1_221' title='bbox 523 3380 624 3440; x_wconf 85' lang='lat' dir='ltr'>danda</span> <span class='ocrx_word' id='word_1_222' title='bbox 640 3379 754 3438; x_wconf 84' lang='lat' dir='ltr'><strong>maiora</strong></span> <span class='ocrx_word' id='word_1_223' title='bbox 768 3380 920 3452; x_wconf 59' lang='lat' dir='ltr'><strong>dedissem</strong></span> 
     </span>
     <span class='ocr_line' id='line_1_37' title="bbox 263 3458 930 3525; baseline 0.003 -3"><span class='ocrx_word' id='word_1_224' title='bbox 263 3458 424 3525; x_wconf 80' lang='lat' dir='ltr'><strong>Caelitibus</strong></span> <span class='ocrx_word' id='word_1_225' title='bbox 443 3464 547 3524; x_wconf 84' lang='lat' dir='ltr'><strong>missis</strong></span> <span class='ocrx_word' id='word_1_226' title='bbox 560 3471 663 3523; x_wconf 84' lang='lat' dir='ltr'><strong>nostra</strong></span> <span class='ocrx_word' id='word_1_227' title='bbox 681 3461 737 3522; x_wconf 88' lang='lat' dir='ltr'><strong>sub</strong></span> <span class='ocrx_word' id='word_1_228' title='bbox 753 3478 807 3523; x_wconf 89' lang='lat' dir='ltr'><strong>ora</strong></span> <span class='ocrx_word' id='word_1_229' title='bbox 821 3462 930 3524; x_wconf 86' lang='lat' dir='ltr'><strong>tribus.</strong></span> 
     </span>
    </p>
   </div>
   <div class='ocr_carea' id='block_1_5' title="bbox 0 0 1304 3812">
    <p class='ocr_par' dir='ltr' id='par_1_5' title="bbox 0 0 1304 3812">
     <span class='ocr_line' id='line_1_38' title="bbox 0 0 1304 3812; baseline 0 4"><span class='ocrx_word' id='word_1_230' title='bbox 0 0 1304 3812; x_wconf 95' lang='lat' dir='ltr'><strong> </strong></span> 
     </span>
    </p>
   </div>
  </div>
 </body>
</html>
