2602 3816
154 190 217 257 las
550 196 610 257 EX
630 196 778 263 Paulo

275 346 378 409 Gratia
392 363 485 426 quatu
497 349 594 413 meriti
607 350 709 425 pessit
720 348 805 413 abire
817 350 883 415 itti?
913 397 915 405 ,

186 437 221 494 45
235 429 318 492 Haec
332 432 384 494 ubi
399 434 552 507 dixeritis,
567 441 670 495 servet
683 449 741 495 sua
754 434 851 508 duaa,
865 444 980 512 regale.

194 540 198 548 ·
264 515 429 578 ¹Sicluerit
443 524 563 579 vestrae
577 531 672 577 causa
684 523 809 592 peracta
824 519 901 583 viae.

181 703 223 797 tl.
272 732 436 796 uuuru.

238 818 340 925 Quam
353 853 445 930 legis,
460 868 500 913 ex
515 851 575 914 iltis
588 853 642 916 tibi
652 853 737 916 venit
749 854 893 932 epistula
905 853 1008 931 Brute,

149 954 153 967 ·
270 938 424 999 Nasonem
436 938 534 997 nolles
549 937 580 997 iu
594 938 705 1013 quihus
718 954 791 1001 esse
803 939 891 1001 locis.

231 1021 294 1084 Sed
307 1029 341 1082 tu
356 1021 439 1095 qued
452 1021 566 1094 nones,
585 1023 682 1084 veluit
690 1022 863 1083 miserabile
876 1024 979 1084 latum,

267 1105 305 1166 Ei
323 1104 409 1163 mihil
424 1104 495 1179 pius
509 1105 599 1180 iliud,
614 1122 704 1181 quum
717 1114 771 1167 tua
784 1112 872 1180 veta,
886 1109 977 1167 valet

204 1189 267 1253 ain
282 1187 408 1267 Scythia
421 1187 510 1248 nubis
522 1189 731 1264 quinquennis
745 1189 898 1265 olympias
912 1198 981 1250 acta
993 1194 1055 1250 esta

273 1273 336 1332 lam
349 1279 469 1347 tempus
483 1272 569 1333 lustri
583 1274 734 1334 transilla
748 1274 883 1334 alterius

231 1353 349 1416 Perstat
363 1355 443 1414 enim
457 1355 578 1417 iuuuaa
590 1363 697 1431 tenax,
711 1356 855 1432 rotisque
869 1356 1031 1432 malignum

275 1438 410 1515 Oppcnit
422 1441 536 1500 nostris
550 1440 700 1501 insidiosa
713 1440 833 1516 pedem.

233 1523 338 1591 certus
354 1537 423 1582 eras
438 1537 494 1598 pre
509 1538 572 1597 me,
586 1523 699 1584 Fabiae
712 1524 781 1599 lux,
794 1522 941 1596 Maxime,
960 1523 1067 1599 genus,

184 1626 219 1680 10
271 1607 387 1666 Numen
402 1606 442 1666 ad
456 1608 628 1681 Augustum
641 1607 781 1684 supplice
795 1622 875 1668 vaca
888 1606 982 1680 loqui.

233 1689 353 1752 Occidis
365 1696 435 1750 ante
446 1704 565 1765 preces.
580 1705 768 1766 causamque
781 1706 850 1765 ega,
863 1689 1003 1764 Maxime,
1017 1690 1155 1752 merila...

271 1774 333 1834 Nec
347 1775 463 1834 lucram
476 1775 581 1835 tacu...
596 1790 645 1834 mc
657 1790 728 1835 reur
742 1789 813 1834 esse
825 1781 906 1834 tuae.

231 1856 293 1919 lam
306 1859 396 1917 umet)
415 1864 548 1920 uacuam
563 1858 703 1933 cuiquam
717 1857 864 1917 mundare
877 1858 1018 1918 smalema

271 1943 376 2018 Ipsum
389 1948 485 2023 marte
498 1949 551 2002 tua
565 1941 698 2001 concidit
710 1941 864 2001 auxilium.
1103 1942 1106 1951 ’

183 2037 217 2093 15
231 2026 380 2101 coeperat
393 2026 550 2099 Augustus
564 2025 713 2100 deceptae
726 2025 887 2100 ignoscere
902 2024 1023 2101 culpae:

272 2108 367 2185 Spem
379 2116 513 2170 nestram
527 2116 625 2169 terras
634 2106 834 2182 'deseruitque
848 2107 955 2168 simul:

231 2193 325 2270 Quale
339 2200 439 2252 tamen
453 2192 553 2267 potui,
570 2191 610 2251 de
623 2192 745 2267 caelite,
758 2191 866 2266 Bruta,
879 2193 995 2253 receuti

270 2276 382 2336 Vestra
395 2277 503 2349 procul
517 2276 773 2359 posituscarmcu
787 2276 818 2334 in
832 2292 887 2336 era
900 2275 982 2335 decli.

231 2359 315 2436 Quae
332 2358 431 2435 prosil
444 2360 542 2434 pictas
557 2359 670 2419 utinam
683 2358 771 2434 mihi,
786 2359 886 2434 sitque
900 2360 1048 2422 maiorum

182 2460 218 2514 ω
268 2443 331 2503 lam
345 2441 455 2503 medus
470 2449 501 2502 et
514 2457 621 2502 sacrae
635 2443 735 2502 mitior
747 2444 793 2503 ira
806 2444 930 2503 dumus!

231 2526 273 2587 Te
288 2534 412 2602 quoque
427 2525 509 2586 idem
522 2526 639 2605 liquide
654 2542 782 2601 possum
795 2527 898 2587 iurare
910 2527 1039 2604 precari,

272 2609 296 2671 0
310 2609 383 2669 milri
397 2625 459 2669 non
475 2610 567 2670 dubia
586 2611 707 2686 cognite
720 2610 813 2672 Bruta
827 2618 908 2672 neta.

229 2693 305 2754 Nam
319 2709 387 2754 cum
402 2694 588 2769 praestiteris
601 2706 707 2755 verum
719 2695 792 2757 milui
806 2710 929 2770 semper
945 2706 1088 2771 aurarem,

269 2778 327 2839 Hic
339 2785 440 2838 tamen
454 2779 586 2841 adverse
600 2785 737 2854 tempore
750 2780 846 2840 crevit
859 2794 954 2839 amer.
1022 2823 1023 2826 ,

179 2871 214 2926 25
229 2861 346 2938 Quique
359 2869 428 2923 tuas
444 2863 558 2938 pariter
570 2861 712 2922 lacrimas
725 2871 908 2939 nostrasque
921 2859 1047 2937 videret,
1125 2936 1134 2943 ⁶

269 2946 419 3005 Passurus
435 2960 566 3020 poenam
580 2946 718 3007 crederet
731 2962 802 3007 esse
818 2949 907 3008 daus.

229 3029 341 3093 Lenem
355 3034 385 3087 te
399 3029 519 3089 miseris
533 3031 636 3104 genuit
649 3037 765 3090 natura.
793 3044 852 3091 nec
865 3027 918 3090 ulli

271 3111 373 3171 Mitius
387 3110 661 3188 ingenium,‘quam
673 3113 742 3184 tibi,
758 3113 864 3184 Brute,
880 3109 978 3170 dedita
1100 3161 1104 3166 ,

229 3195 269 3257 Ut
284 3196 350 3271 qui,
367 3195 440 3270 quid
454 3198 575 3270 valeas,
591 3199 722 3271 ignoret,
738 3195 834 3255 Marte
847 3194 975 3268 (arensi,

178 3284 215 3338 30
266 3277 363 3339 Posse
376 3287 428 3340 tuo
443 3281 548 3355 peragi
562 3281 615 3340 vix
629 3285 713 3354 putet
727 3292 782 3338 ure
794 3292 884 3338 reos:

134 3404 137 3409 -
227 3360 348 3422 Scilicet
361 3363 497 3422 eiusdem
512 3368 573 3435 est,
589 3361 728 3437 quamvis
742 3375 878 3435 pugnare
892 3360 1021 3434 videtur,

266 3442 463 3522 supplicibus
479 3445 611 3521 facilem,
628 3441 768 3506 sonibus
783 3460 854 3506 esse
866 3453 992 3508 trucem.
