2598 3812
187 226 229 291 N
522 244 526 251 ’
575 226 803 293 relsrlulr

209 430 250 522 3·
269 427 327 524 llla
341 463 407 523 dies
421 462 500 523 haec
512 470 574 536 est,
591 469 695 537 quate
708 461 863 525 celebrare
877 469 1028 540 poemat..

312 546 345 607 Si
358 547 450 608 modo
466 563 527 607 non
543 547 650 606 sallum
661 554 829 621 tempora...
845 547 981 622 Bacche,
997 551 1104 624 solent,

269 632 423 705 Festoque
436 630 572 692 odoratis
585 629 741 690 innectunt
753 636 891 705 tempora
905 632 1003 705 sertia

311 712 349 774 Et
363 716 468 775 dicunt
477 713 589 774 laudes
602 713 643 773 ad
657 720 712 775 tua
723 712 797 773 vine
808 720 889 775 tuas.
980 708 992 742 ⁸
1055 766 1061 775 .

242 799 354 860 §Inter
368 814 463 874 quos,
479 797 614 869 memini,
631 797 704 858 dum
715 812 766 857 me
779 812 847 857 mea
861 792 924 859 iatd
936 798 1084 871 sinclitat

309 882 376 942 Non
391 882 492 942 invisa
501 880 555 941 tibi
569 892 641 956 pars
655 890 713 955 ego
727 896 823 956 saepe
836 880 889 954 lui,

270 965 365 1040 Quem
380 981 461 1026 nunc
475 965 667 1040 supparium
681 965 777 1024 stellis
792 964 1003 1041 Cynosuridos
1017 967 1114 1041 Ursae

311 1049 416 1110 Iuncta
428 1054 511 1109 tenet
524 1047 626 1110 crudis
642 1047 787 1109 Sarmatis
802 1063 857 1109 ora
871 1049 964 1109 Getis.
994 1058 997 1063 ·

272 1132 390 1208 Quique
405 1133 489 1207 prius
504 1132 625 1192 mollem
638 1140 826 1207 vacuamque
840 1131 997 1194 laboribus
1011 1133 1059 1207 egi
1136 1135 1140 1145 '

222 1226 257 1280 10
311 1217 344 1276 ln
360 1215 467 1275 studiis
482 1214 574 1275 vitam
587 1214 800 1290 Pieridumque
815 1214 919 1288 choro,

271 1300 355 1361 Nunc
370 1299 476 1374 procul
492 1314 511 1357 a
525 1298 621 1373 patria
636 1297 747 1358 Geticis
762 1297 972 1359 circumsonor
985 1301 1085 1373 ermis,

313 1383 407 1443 Multa
419 1382 504 1457 prias
519 1382 628 1457 pelago
642 1382 795 1455 multaque
808 1397 921 1458 passos
936 1382 1040 1443 humo
1089 1410 1093 1417 ·

271 1465 345 1527 Sive
358 1465 430 1525 mihi
445 1467 635 1538 essuessive
652 1464 713 1525 boc
727 1464 811 1525 dedit
824 1465 869 1525 ira
884 1466 1019 1540 deorum,

169 1594 174 1616 .
311 1549 419 1610 Nubila
432 1549 570 1609 nascenti
584 1562 641 1609 seu
654 1548 726 1609 milri
739 1547 835 1610 Parca
849 1549 913 1622 luit,

225 1644 256 1697 15
269 1633 313 1694 Tu
327 1640 426 1693 tumen
441 1647 459 1691 e
473 1632 569 1692 sacris
584 1630 718 1693 hederae
733 1633 901 1694 cultoribus
913 1649 1006 1694 unum

312 1717 437 1777 Numine
452 1714 603 1775 debueras
616 1716 801 1777 sustinuisse
813 1724 876 1777 tuo.

271 1801 321 1861 An
336 1800 477 1863 dominae
491 1798 543 1859 lati
559 1799 703 1874 quicquid
718 1801 856 1861 cecinere
869 1813 1002 1872 sorores,

315 1883 409 1945 Omne
424 1882 481 1943 sub
496 1882 618 1942 arbitrio
635 1882 747 1943 desinit
759 1896 831 1944 esse
845 1883 916 1944 deii

271 1968 343 2045 lpse
359 1981 483 2042 quoque
497 1965 646 2026 aetherios
664 1966 778 2027 meritis
793 1967 979 2029 invectores
994 1981 1091 2037 arces,

222 2062 258 2115 πο
332 2050 397 2124 Quo
412 2066 474 2110 aon
488 2049 599 2124 miguo
614 2050 695 2110 iacta
708 2049 813 2113 labore
826 2051 878 2110 via
891 2059 946 2111 est

272 2135 334 2195 Nec
350 2133 447 2208 patria
460 2139 507 2192 est
520 2132 655 2193 habitata
668 2132 737 2206 tibi,
753 2133 810 2194 sed
823 2134 963 2207 adusque
978 2133 1118 2195 nivosum

315 2216 479 2293 Strymona
492 2217 603 2278 venisti
615 2217 864 2292 Marticolamque
878 2217 981 2290 Getes,

273 2300 460 2374 Persidaque
474 2306 504 2359 et
517 2301 578 2360 lato
594 2302 778 2376 spatiantem
791 2300 915 2362 flamine
929 2300 1062 2374 Gangen,

313 2383 351 2443 Et
365 2398 574 2459 quascumque
586 2384 662 2445 bibit
675 2384 810 2446 disesiae
823 2384 917 2444 lndus
931 2396 1039 2458 aquea.

98 2501 110 2527 c
223 2480 260 2533 so
273 2467 395 2529 Scilicet
408 2466 489 2528 hanc
503 2469 602 2543 legem
614 2476 724 2529 nentes
737 2469 838 2529 lustra
851 2467 965 2527 Parcae

316 2551 510 2613 seminabis
524 2554 626 2627 genito
639 2552 688 2611 bis
702 2552 839 2612 cecirrere
854 2551 915 2610 tibi.

273 2635 324 2696 lle
338 2651 477 2712 quoque,
493 2636 520 2696 si
535 2637 582 2695 las
596 2642 644 2697 est
656 2636 804 2710 exemplis
819 2635 864 2695 ire
876 2634 1013 2706 deorum,

314 2720 427 2780 Ferrea
440 2735 509 2781 sors
522 2718 603 2779 ritae
617 2718 811 2792 difficilisque
824 2718 941 2794 premit.

270 2803 327 2864 Illo
341 2818 398 2862 nec
412 2803 509 2864 levius
525 2802 637 2872 cecidi,
657 2816 745 2876 quern
760 2814 871 2877 magna
882 2803 1013 2862 locutum

224 2898 259 2951 30
313 2886 458 2960 Reppulit
471 2902 491 2949 a
503 2885 614 2946 Thebis
628 2886 764 2960 luppiter
777 2886 846 2958 igne
860 2898 926 2945 sue.

274 2969 314 3031 Ut
326 2976 426 3028 tamen
441 2969 553 3029 audisti
566 2982 744 3045 percussum
758 2969 881 3030 fulmine
897 2972 1003 3038 vatem,

314 3051 480 3111 Admonitu
494 3053 599 3112 matris
614 3051 811 3113 condoluisse
823 3057 928 3126 potes:

274 3135 312 3196 Et
326 3142 429 3210 potes,
445 3135 598 3209 aspiciens
614 3135 726 3195 circum
739 3143 792 3195 tua
805 3148 894 3194 sacra
908 3139 1025 3207 poetas,
1082 3174 1088 3193 ,

316 3218 438 3278 ‘Nescio
454 3218 523 3291 quis
538 3219 645 3278 nostri’
660 3218 762 3278 dicere
776 3217 886 3277 ‘autor
899 3215 1007 3277 abest?

224 3307 260 3361 aa
272 3302 344 3372 Fer,
359 3300 440 3361 bone
453 3300 557 3373 Liber,
572 3316 672 3377 opem.
707 3301 752 3360 sic
766 3301 860 3361 altere
874 3300 1019 3374 degravet
1033 3299 1144 3361 uinum

311 3384 391 3445 Vitis
405 3390 436 3443 el
449 3383 566 3443 incluso
582 3385 672 3458 plena
685 3383 725 3443 sit
737 3398 798 3463 ave
810 3396 910 3444 meror
980 3404 987 3417 ·

274 3466 325 3528 Sic
338 3466 392 3528 tibi
408 3481 476 3525 cum
489 3465 619 3526 Bacchis
637 3466 817 3543 Satyrorum
831 3481 931 3542 gnava
944 3466 1083 3527 iuventus
