2586 3820
501 184 757 296 vtem—mo.
1077 217 1139 283 aas

213 374 255 433 At
267 369 361 435 ruber
371 370 527 434 honorum
542 377 647 433 eustos
661 370 876 449 nymphasque
891 368 1034 449 deasque

258 456 379 532 captat,
400 462 430 516 et
443 464 578 516 errantes
594 457 713 531 lertqne
727 455 881 530 refertque
896 455 1003 530 podes.

147 547 199 604 335
212 539 375 615 Aspicit'et
387 538 522 598 Vestam.
552 537 907 617 dublum,'nymplramne
921 540 1041 615 putarit,

255 621 573 687 AnseieritVestam.
600 624 703 683 scisse
717 623 968 698 scd‘ipsenegat
1069 684 1074 699 ,

211 705 309 781 Spem
323 705 596 781 capit'ubscenam
618 705 780 782 furtimque
794 706 943 766 assedere
961 711 1094 783 temptat,

254 789 292 849 Et
306 790 364 851 lert
376 804 546 864 suspensos
562 791 654 849 eorde
668 789 797 849 micante
811 790 935 865 gradus.
990 824 993 831 ι
1072 857 1082 878 s

213 871 303 933 Forte
317 888 428 947 senex,
444 889 505 947 quo
521 875 720 948 recluserat,
737 873 857 935 Silenus
871 873 999 933 asellum

149 963 202 1019 340
256 957 400 1032 Liquerat
415 957 455 1016 ed
469 955 553 1031 ripas
568 954 643 1015 lene
652 957 789 1017 sonantis
803 972 913 1034 aquae.
962 1016 964 1022 Α

89 1056 94 1065 ‘
199 1038 289 1114 ibat,
306 1047 345 1111 ut,
352 1039 500 1115 inciperet
513 1040 596 1114 longi
611 1040 688 1098 deus
703 1040 902 1117 Hellesponti,

255 1124 470 1198 intempestivo
490 1138 560 1184 eum
573 1122 655 1182 rudit
667 1122 718 1181 ille
733 1139 823 1184 sono,
896 1170 899 1175 .

212 1207 329 1267 Territa
335 1222 420 1267 ’voce
432 1209 518 1282 gravi
532 1208 627 1282 surgit
642 1204 709 1266 deass
739 1207 883 1268 convolat
896 1205 995 1270 omnis

254 1289 374 1351 Turba·
393 1306 450 1367 per
463 1291 589 1351 inlestas
604 1289 711 1364 elingit
723 1290 774 1355 ille
788 1305 906 1350 manus.

147 1377 200 1436 345
213 1372 404 1450 Lampsacus
416 1375 476 1435 lroc
489 1375 600 1434 animal
616 1375 707 1434 solita
719 1380 765 1433 est
778 1381 911 1433 mactare
923 1372 1051 1450 Priame

256 1460 338 1533 Apta
354 1459 433 1518 asini
446 1457 576 1518 nammis
590 1457 700 1517 indicis
714 1465 786 1517 exta
800 1458 920 1517 damus.

214 1540 308 1616 Quem
321 1548 368 1615 tu,
384 1542 470 1618 diva,
486 1550 602 1602 memor
617 1542 655 1602 de
671 1556 750 1617 pane
764 1541 925 1601 monilibus
939 1554 1047 1603 ornam

257 1624 364 1685 Cessat
376 1628 471 1702 opus,
486 1641 605 1687 vacuae
617 1625 793 1693 seruauere
806 1624 915 1684 molae.

213 1707 354 1781 Nomine,
371 1726 462 1784 quam
476 1710 589 1785 pretio,
604 1709 783 1769 celebratior
797 1723 867 1768 arce
878 1706 1032 1782 Tonantis,

150 1799 205 1856 350
259 1792 518 1867 Βίοεηῑ,.Ρίειοτίε
533 1793 607 1870 quid
620 1792 759 1853 vellt'a'ra
772 1792 865 1853 locist
900 1816 903 1826 ⁴

216 1874 320 1936 Cincta
332 1877 547 1952 premebantur
559 1876 696 1938 trucibus
712 1875 860 1952 capitolia
874 1873 998 1935 Galliss

134 2024 142 2044 ,
255 1957 516 2022 Feceratobsidio
531 1961 745 2022 iam'diuturna
760 1962 879 2021 lamam.-

91 2072 96 2083 r
127 2098 137 2102 ,
213 2040 363 2118 Iuppiter,
382 2045 423 2104 ad
438 2047 548 2106 solium
563 2045 684 2121 superis
698 2046 800 2119 regale
813 2042 943 2117 vocads,

257 2126 406 2202 ‘Incipet’
428 2129 580 2189 aitlilarti.
607 2130 747 2204 protinus
761 2128 931 2188 illerelertr
957 2156 959 2165 ν

149 2217 202 2276 tte
216 2207 350 2270 ‘Scilicet
358 2209 498 2286 ignotum
511 2219 572 2287 est,
594 2228 675 2288 quae
689 2212 729 2273 sit
743 2213 863 2272 lortrma
877 2218 1023 2286 meorum,

255 2293 293 2353 Et
306 2294 394 2354 dolor
407 2295 560 2357 hic'anlmi
576 2312 655 2356 vace
668 2297 822 2371 querentis
837 2302 914 2371 eget.

215 2375 248 2439 Si
261 2383 374 2463 tamen,
389 2385 422 2438 ut
434 2382 564 2440 reseram
577 2379 709 2440 breviter
721 2381 801 2440 mala
814 2379 918 2440 iuncta
931 2377 1051 2454 pudori,

254 2459 374 2536 Exigis:
394 2463 510 2538 Alpino
521 2464 619 2524 Roma
632 2465 690 2524 sub
704 2463 793 2524 hoste
806 2464 894 2523 iacet.

213 2543 298 2606 Haec
307 2551 371 2618 est,
389 2546 438 2607 eui
452 2547 549 2608 luerat
563 2549 715 2623 promissa
728 2548 864 2623 potentia
876 2552 986 2622 rerum,

149 2640 202 2696 360
254 2626 412 2704 Iuppiter-r
428 2630 508 2692 hanc
517 2632 609 2692 terris
624 2632 820 2707 impositurus
834 2635 926 2689 erast

215 2712 339 2787 lamque
352 2712 543 2776 suburbanos
556 2715 745 2790 Etruscaque
760 2713 896 2781 contudit
910 2728 1004 2772 arma.

216 2804 237 2840 ‘·
257 2795 337 2871 Spes
350 2797 459 2856 eratin
473 2810 572 2859 cursu.
601 2814 682 2858 nuno
695 2799 759 2858 la're
773 2797 863 2873 pulse
877 2811 934 2857 suo
947 2803 1004 2858 est

215 2879 355 2957 Vidimus
370 2888 494 2941 ornatos
509 2886 631 2942 servata
646 2897 701 2957 per
715 2881 791 2941 atria
805 2880 886 2956 picta

255 2964 351 3025 Veste
364 2964 561 3040 triumphales
580 2965 763 3027 occubuisse
777 2980 879 3025 senes.
945 3012 953 3025 .

151 3056 203 3113 365
216 3045 353 3109 Vidimus
366 3048 478 3108 Iliacae
489 3050 645 3109 transferri
659 3049 787 3125 pignora
802 3049 917 3108 Vestae
1003 3082 1006 3087 ·

136 3154 140 3161 r
256 3127 346 3191 Sede.
373 3132 480 3194 Putant
493 3133 613 3208 aliquos
629 3133 746 3193 scilieet
757 3147 828 3192 esse
846 3132 933 3191 deos.

73 3232 85 3250 ·
214 3212 255 3271 At
268 3212 294 3271 si
307 3216 507 3292 respicerent,
517 3233 588 3292 =qua
601 3232 658 3277 vos
672 3215 813 3276 habitatis
827 3215 858 3275 in
872 3227 953 3288 arce,

256 3295 495 3371 tortuosorum
512 3307 629 3360 vestras
644 3299 804 3360 obsidione
819 3297 923 3374 premi,
979 3334 984 3345 ‹

214 3375 262 3439 Nil
276 3381 346 3454 opis
359 3380 390 3441 ln
403 3398 477 3444 eura
491 3384 604 3446 'scirent
616 3396 782 3465 superesse
795 3381 931 3455 deorum,

148 3468 202 3528 oro
254 3461 294 3524 Et
307 3462 380 3525 data
391 3467 603 3532 sollicitatura
619 3466 721 3545 perire
733 3466 834 3528 manu.
