2602 3816
518 217 548 293 1,
568 215 724 283 att—102.

156 374 193 430 65
206 366 279 427 Iane
292 367 415 444 biceps,
429 368 499 428 anni
514 370 603 431 tacite
616 370 744 431 labentis
763 371 858 446 origo,

251 449 341 512 Solus
360 453 400 513 de
413 452 533 527 superis
549 455 600 527 qui
614 460 666 513 tue
678 460 763 528 terga
779 454 875 528 vides,

207 534 319 595 Dexter
334 535 409 595 ades
424 534 567 608 dacibus,
578 551 712 612 ,quorum
727 553 836 603 secura
849 537 955 599 labore

250 617 317 679 Otia
330 626 410 680 terra
423 619 524 691 lemn,
540 619 601 679 otia
614 629 727 695 pontus
741 620 848 680 habet:
952 642 955 647 ·

207 701 319 762 Dexter
337 703 413 763 ades
428 701 628 777 patribusque
640 704 699 764 tuis
715 705 892 780 populoque
906 704 1030 779 Quirini,

155 791 191 847 70
244 784 282 845 Et
294 801 399 845 resera
412 791 485 845 nutu
500 785 630 846 eandida
643 788 756 861 templa
769 791 831 847 tuo.

206 866 356 943 Prospera
370 870 423 929 lux
437 869 539 929 oritur.
567 868 677 943 linguis
693 870 862 946 animisque
876 870 989 949 lavetet
1035 892 1038 895 ·

248 951 333 1012 Nune
348 952 478 1011 dicenda
491 953 573 1013 bona
588 960 658 1013 sunt
673 954 754 1014 bana
769 953 864 1013 verba
883 953 942 1014 die.

205 1033 270 1095 Lite
283 1042 394 1096 vacent
406 1051 511 1110 aures,
527 1037 696 1110 insanaque
715 1038 853 1122 protinus
868 1036 969 1099 absint
1050 1060 1054 1069 =

248 1117 371 1194 Iurgia..
386 1118 475 1179 differ
489 1135 585 1194 opus,
600 1119 694 1184 livide
707 1119 809 1193 turba,
823 1127 916 1181 taum.

156 1200 324 1276 secernis,
339 1201 474 1263 odoratis
489 1209 523 1263 ut
540 1204 641 1263 luceat
653 1202 773 1276 ignibus
788 1202 903 1277 aether,

248 1285 285 1344 Et
299 1292 388 1346 sonet
402 1288 545 1347 aeeensis
556 1287 644 1362 spice
658 1286 766 1347 Cilissa
779 1286 880 1357 locist
936 1330 939 1337 .

205 1366 339 1429 Flamma
352 1369 449 1430 nitore
463 1370 715 1445 suetemplorum
729 1368 870 1429 verberat
883 1387 999 1446 aurum,

247 1450 589 1532 Ebtremulumsumms
603 1453 721 1527 spargit
730 1453 762 1521 in
780 1453 858 1513 aede
871 1453 968 1515 iubar.

206 1535 351 1596 Vestibus
365 1536 485 1597 intactis
498 1536 643 1612 Tarpeias
657 1535 716 1596 itur
730 1537 761 1595 ia
775 1550 872 1613 anses,
957 1563 961 1571 ⁴

154 1625 191 1681 80
244 1618 281 1680 Et
293 1620 428 1695 populus
442 1621 521 1680 leste
537 1619 682 1680 consolor
695 1621 763 1695 ipse
777 1635 834 1679 suo
850 1627 906 1680 est.

205 1702 329 1778 Iamque
343 1703 414 1764 aovi
428 1709 575 1779 praeeunt
589 1704 706 1778 fasces,
719 1717 801 1763 nova
814 1719 948 1777 purpure
960 1703 1061 1779 tulga,

246 1786 284 1847 Et
296 1802 377 1847 nova
391 1788 589 1863 conspicuum
604 1787 741 1862 pondera
755 1787 846 1847 sentit
859 1787 945 1849 ebur.

206 1868 290 1930 Colla
302 1871 395 1931 rudes
410 1886 535 1947 operum
548 1870 695 1947 praebent
708 1869 843 1930 lenienda
856 1869 985 1946 iuvenci,
1000 1914 1002 1918 v

248 1952 334 2028 Quos
345 1954 548 2030 atniteampis
563 1954 657 2015 herba
671 1954 792 2019 Ealisea
805 1953 881 2013 suis.

155 2043 189 2099 85
203 2037 339 2112 Iuppiter
352 2053 422 2097 aree
436 2055 493 2099 sna
507 2044 603 2099 totum
617 2043 817 2113 cumspeetet
831 2037 860 2096 ln
878 2034 990 2110 orbem,

246 2120 293 2179 Nil
307 2119 559 2197 nisiRomanum,
576 2123 660 2198 quod
672 2127 804 2194 tueattn,
819 2120 919 2180 habet

171 2204 173 2211 ⁴
207 2201 315 2279 Salve,
331 2205 505 2279 bonadies,
525 2207 693 2282 meliorque
705 2212 859 2265 revertere
873 2219 1003 2278 sempen,
1054 2212 1056 2218 '

246 2289 275 2346 A
288 2288 405 2363 populo
425 2304 525 2348 rerum
540 2289 632 2364 (ligna
645 2296 768 2365 potente
784 2289 853 2349 coli.

204 2369 300 2444 Quem
312 2376 413 2431 temen
432 2386 503 2431 esse
517 2372 609 2432 deum
621 2379 651 2434 te
665 2374 778 2444 dinam,
793 2372 865 2432 Iane
878 2370 1037 2433 bitormist

154 2461 189 2516 90
244 2454 319 2514 Nam
332 2453 386 2513 tibi
400 2454 586 2529 pernullum
601 2457 727 2517 Gmeeia
740 2471 851 2516 numen
865 2454 966 2514 habet.
1142 2518 1146 2525 ,

202 2537 267 2597 Ede
281 2538 371 2598 simul
385 2552 524 2611 eausam,
539 2554 594 2599 eur
607 2540 647 2603 de
662 2539 844 2600 caelestibus
858 2555 937 2597 unus
1035 2564 1039 2571 -

246 2618 353 2698 Sitque
368 2621 451 2697 quod
465 2637 484 2703 a
498 2627 598 2698 tergo,
618 2623 718 2697 sitque
732 2622 817 2698 quod
831 2628 916 2692 ante,
930 2618 1028 2677 vides.
1104 2643 1106 2647 ¹

203 2703 287 2764 Haec
301 2720 359 2780 ego
375 2720 444 2765 eum
457 2706 587 2781 sumptis
601 2707 746 2781 agilanem
759 2711 858 2763 mente
870 2701 998 2776 tabellis,

245 2787 388 2849 Lucidior
400 2787 469 2848 visa
483 2795 545 2859 est,
561 2804 653 2863 quam
666 2789 721 2849 luit
734 2793 817 2858 ante,
834 2786 954 2845 domus.

156 2874 190 2929 95
203 2867 283 2930 Tune
298 2888 386 2933 saner
402 2871 525 2946 ancipiti
537 2873 693 2933 mnandus
708 2870 839 2944 imagine
851 2869 943 2929 Ianus
1032 2896 1037 2905 ·

245 2952 557 3033 Binarepenseeulis
578 2955 685 3016 obtulit
697 2969 752 3014 ora
765 2954 850 3013 meis.
917 3020 920 3026 ,

206 3032 351 3112 Obstipui,
367 3038 516 3114 sensique
527 3046 609 3099 metu
622 3038 754 3113 riguisse
768 3037 905 3113 capillus,

245 3117 284 3178 Et
295 3123 426 3195 gelidum
440 3121 541 3183 subita
555 3121 667 3195 frigore
680 3127 786 3196 peetus
802 3127 891 3183 erat..
968 3168 973 3199 ,

205 3201 259 3260 Ille
272 3209 377 3266 tenens
390 3205 532 3267 baculum
546 3205 654 3265 dextra
672 3205 849 3279 clavemque
863 3202 984 3264 sinistre

136 3293 188 3349 100
241 3283 344 3347 Edidit
355 3287 413 3349 bos
427 3289 517 3350 nobis
533 3304 587 3348 ere
600 3288 701 3364 priore
717 3303 827 3349 sanese

203 3367 306 3429 ‘Disce
323 3377 403 3431 metu
416 3372 531 3448 posito,
546 3379 633 3432 vates
648 3386 780 3446 operase
794 3371 919 3441 dierum,

245 3452 334 3528 Quod
347 3454 441 3531 petis,
456 3461 486 3515 et
498 3470 594 3517 voees
607 3455 734 3535 pereipe
746 3460 847 3519 mente
861 3465 956 3512 meas.
1055 3512 1059 3519 .
