2598 3812
14 172 15 245 l
148 181 210 259 150
532 195 592 258 nx
611 194 757 259 rouro

14 254 15 285 r

14 292 16 383 Ῐ
231 345 283 407 Sie
298 344 471 422 quemdira
487 347 540 408 tibi
554 349 655 424 rapuit
669 345 829 409 Germania
842 347 982 421 Drusum,

272 428 346 490 Pars
362 429 452 491 luerit
465 437 569 507 partus
585 432 652 492 sola
669 432 786 492 caduce
799 432 852 491 tui.

232 514 283 575 Sic
301 513 354 574 tibi
368 520 484 574 mature
499 515 623 575 fraterni
638 515 754 574 funeris
768 516 848 573 ultor

182 610 217 663 aa
269 597 445 672 Purpureus
459 598 556 658 niveis
572 599 655 659 lilius
669 598 760 658 instet
777 599 875 672 equis.

228 681 362 742 Adnuite
377 688 411 741 ol
430 680 558 754 timidis,
574 681 734 741 mitissima
747 681 886 754 numina,
900 679 992 741 votis.

181 782 184 795 ·
268 763 444 824 Praesentis
465 763 580 837 aliquid
595 764 693 839 prosit
706 764 820 827 habere
834 763 921 824 deos.

228 848 368 909 Caesaris
384 847 518 907 adventu
532 855 611 908 taeta
625 848 775 922 gladiator
789 862 883 907 arena

204 948 208 961 ·
258 930 351 1003 Exit,
370 936 399 989 et
412 930 556 990 auxilium
571 948 631 991 non
647 934 716 991 leve
728 934 840 992 vulnus
854 929 954 991 habet.

180 1023 214 1076 55
227 1015 290 1076 Nos
301 1028 432 1089 quoque,
444 1021 555 1085 vestra,
568 1015 658 1088 iuvet,
672 1015 765 1090 quod,
778 1015 921 1090 qualieet,
935 1012 1152 1075 oravidemus:

270 1097 383 1157 intrata
397 1104 444 1157 est
458 1098 579 1172 superis
596 1097 680 1173 quod
696 1098 806 1158 domus
819 1114 881 1157 nnn
894 1096 1001 1158 tribus.

227 1179 344 1241 Felices
359 1180 417 1256 illi,
436 1181 563 1255 quinon
579 1182 756 1252 simulacra,
774 1181 830 1241 sed
851 1181 947 1256 ipsos,

269 1264 387 1340 Quique
404 1265 494 1324 deum
509 1280 612 1325 eoram
629 1280 762 1339 corpora
775 1280 850 1324 vera
867 1265 981 1324 vident

229 1347 318 1431 Quod
333 1348 476 1422 quoniam
490 1347 580 1409 nobis
594 1349 701 1408 invidit
720 1347 825 1407 inutile
839 1348 941 1420 latum,

178 1434 214 1490 60
268 1431 351 1505 Quos
367 1432 450 1491 dedit
465 1447 530 1503 ars,
545 1433 648 1493 vultus
662 1432 854 1506 effigiemque
868 1432 947 1492 colo.

80 1584 85 1589 ,
118 1510 128 1601 1
229 1513 279 1576 Sic
294 1515 432 1577 homines
447 1531 561 1575 novere
575 1516 668 1590 deos,
688 1532 767 1591 quos
785 1516 900 1575 arduus
915 1515 1021 1577 aether

269 1597 395 1673 decutit,
411 1605 441 1658 et
455 1599 563 1659 colitur
581 1614 637 1674 pro
652 1599 725 1660 love
739 1602 838 1661 forma
851 1598 943 1659 lovis.

226 1682 379 1758 Denique,
399 1699 477 1759 quae
491 1698 610 1744 meeum
624 1691 671 1743 est
686 1683 787 1743 eterit
801 1681 868 1744 sine
882 1684 957 1758 line,
973 1690 1088 1757 cavete,

268 1767 312 1837 Ne
326 1767 365 1826 sit
379 1767 410 1826 in
424 1766 524 1827 inviso
541 1774 644 1827 vestra
658 1769 756 1841 ligura
769 1769 848 1827 loeo.

179 1862 213 1918 65
227 1848 301 1910 Nam
318 1858 408 1927 eaput
422 1866 439 1909 e
453 1857 560 1911 nostra
574 1851 661 1910 eitius
677 1849 797 1909 cervice
809 1849 942 1922 recedet,
956 1891 961 1901 .

267 1933 305 1993 Et
320 1935 416 2009 patiar
430 1935 524 1994 fossis
539 1936 640 1993 lumen
658 1933 742 1992 abire
755 1933 852 2007 genie,

228 2016 322 2091 Quam
338 2033 457 2077 caream
470 2017 581 2093 raptis,
602 2033 621 2076 o
635 2016 758 2091 publica
772 2017 909 2076 numina!
937 2015 1037 2077 vobis.

269 2100 334 2160 Vos
349 2100 432 2159 eritis
447 2107 692 2175 nostraeportus
708 2106 738 2159 et
754 2114 807 2158 ara
821 2101 921 2174 liugas.

226 2184 293 2243 Vos
309 2198 366 2258 ego
382 2185 581 2259 complectar,
598 2182 709 2243 Getieis
726 2183 752 2243 si
768 2182 874 2258 eingar
892 2182 930 2242 ab
945 2183 1045 2257 armis,

62 2287 66 2293 ·
178 2274 213 2331 70
266 2267 366 2342 thue
379 2282 463 2326 meas
479 2268 613 2342 aquilas,
629 2283 687 2327 vos
702 2282 770 2328 men
785 2267 872 2342 signa
886 2282 1008 2342 sequar.

225 2350 288 2410 Aut
302 2364 359 2424 ego
375 2351 523 2424 mesello,
540 2349 693 2423 nimiaque
708 2350 851 2425 cupidine
865 2351 964 2425 ludor,
1002 2358 1003 2363 ’

266 2436 329 2493 Aut
343 2449 416 2509 spes
433 2434 514 2493 exilii
530 2428 746 2494 commodioris
761 2434 859 2494 adest.

224 2516 300 2576 Nam
315 2518 412 2577 minus
428 2524 457 2576 et
471 2517 570 2577 minus
586 2524 633 2577 est
648 2517 742 2577 iacies
756 2518 786 2577 in
802 2518 932 2592 imagine
945 2518 1049 2591 tristis,

147 2610 149 2614 “
265 2601 402 2675 Visaque
422 2606 492 2660 sunt
507 2600 595 2660 dietis
610 2601 745 2661 adnuere
760 2617 815 2660 ora
829 2601 915 2660 meis.

177 2686 210 2742 75
223 2683 306 2744 Vera
322 2700 432 2760 precor
446 2685 520 2744 fiant
533 2684 656 2745 timidae
671 2685 834 2760 praesagia
847 2684 972 2765 mentisa

265 2768 409 2843 Iustaque
424 2770 563 2843 quamvis
579 2773 641 2843 est,
658 2769 698 2828 sit
711 2767 811 2829 minor
824 2768 870 2828 ira
884 2767 944 2827 dei.

172 2948 198 3041 a
270 2987 404 3050 eorrr
424 2989 543 3052 neor.

217 3067 329 3181 Regia
343 3107 519 3182 progenies,
535 3108 583 3168 eui
597 3107 761 3168 nobilitatis
778 3105 863 3181 origo

263 3190 379 3250 Nomen
397 3190 427 3249 in
440 3190 580 3267 Eumolpi
595 3192 735 3267 pervenit
747 3205 861 3264 usque,
879 3187 971 3263 Coty!

220 3271 314 3333 Fama
327 3275 442 3348 loquax
457 3282 576 3334 vestras
589 3276 615 3334 si
631 3275 690 3333 iam
703 3272 841 3348 pervenit
855 3272 894 3331 ad
910 3285 1010 3342 aures,

259 3355 310 3415 ille
324 3357 377 3416 tibi
392 3357 508 3417 finitimi
523 3364 609 3431 parte
623 3358 728 3416 iacere·
738 3355 811 3415 solis

194 3444 211 3497 5
224 3437 377 3517 Supplicis
393 3440 519 3514 exaudi,
534 3441 677 3500 iuvenum
690 3437 863 3515 mitissime,
876 3450 995 3512 vocem,
