2598 3812
416 184 473 259 IV,
495 179 551 259 10,
574 177 700 259 lo-v,
721 181 757 261 l,
778 181 809 246 9.
1074 181 1115 247 75

240 336 397 398 Occultum
410 333 517 395 mellae
531 333 792 410 conspicuumque
803 334 917 411 polam

155 417 158 423 ’
194 423 289 483 Tacta
306 419 378 478 milri
395 417 518 478 tandem
532 418 630 493 longis
645 418 797 497 erroribus
812 425 880 479 acto

129 515 185 569 llo
236 504 341 563 Iuncta
357 501 537 578 pharetratis
552 500 698 561 Sarmatis
712 517 766 561 ora
785 495 887 562 Getis.‘
999 524 1001 529 ’

197 589 254 648 Hic
271 601 329 661 ego
345 584 479 645 finitimis
494 585 632 657 quamvis
648 585 856 647 circumsoner
869 585 972 659 armis,

137 695 141 702 ·
238 671 344 730 Tristia
352 715 368 750 „
377 683 439 743 qao
453 682 595 742 possum,
611 667 746 729 carmine
758 668 820 728 lata
833 668 911 729 levo.
1130 730 1136 739 ,

198 753 285 828 Quod
300 750 439 828 quamvis
454 764 542 810 nemo
557 757 619 824 est,
635 752 722 811 ciuus
739 751 888 812 referatur
901 750 941 810 ad
955 766 1055 823 aulas,

240 836 292 896 Sic
304 843 405 896 tamen
422 832 551 893 absumo
566 833 749 908 decipioque
764 834 853 894 diem.

132 929 186 984 lla
197 919 277 995 Ergo
293 919 378 994 quod
395 918 481 988 vivo,
503 915 649 990 durisque
661 916 818 977 laboribus
836 916 934 992 obsto,

238 1004 302 1062 Nec
318 1017 368 1061 me
382 999 530 1061 sollicitae
543 999 645 1059 taedia
658 1000 735 1061 lucis
749 1000 869 1075 habent,

200 1086 315 1158 Gratia,
330 1084 434 1153 Musa,
450 1082 514 1142 tibi.
548 1098 618 1142 uam
631 1089 663 1143 tu
676 1083 795 1147 solacia
808 1082 947 1159 praebes,

240 1171 286 1230 Tu
299 1183 391 1229 curae
403 1166 542 1242 requies,
557 1173 592 1227 tu
604 1166 755 1227 medicina
770 1166 867 1226 venie.

168 1254 172 1267 ¹
199 1253 244 1323 Tu
258 1253 322 1336 dux
336 1259 366 1311 el
381 1264 485 1311 comes
500 1264 545 1309 es.
580 1256 611 1310 tu
626 1265 684 1309 nos
697 1249 827 1310 abducis
840 1249 878 1309 ab
892 1251 1005 1324 Histro,

136 1345 191 1398 120
240 1336 275 1395 in
291 1335 455 1410 medioque
469 1332 542 1392 mihi
558 1333 614 1394 das
629 1332 776 1403 Helicone
794 1334 904 1393 locum.
946 1372 949 1379 -

200 1421 244 1481 Tu
257 1418 344 1491 milri,
361 1417 558 1495 quadrarum
576 1423 637 1491 est,
653 1417 725 1476 vivo
739 1416 868 1479 sublime
882 1417 993 1479 dedisti
1059 1446 1062 1459 ·

242 1501 375 1578 Nomen,
389 1502 428 1562 ab
443 1500 582 1574 exequiis
597 1499 681 1574 quod
698 1499 771 1559 dare
786 1501 867 1559 lama
880 1502 969 1560 solet.

201 1585 264 1645 Nec
278 1587 329 1661 qui
344 1585 489 1646 detrectat
502 1583 689 1658 praesentia,
707 1582 800 1643 Livor
809 1583 918 1656 iniquo
966 1608 970 1619 ·

243 1669 343 1730 Ullum
357 1670 396 1729 de
410 1667 523 1727 nostris
539 1667 629 1727 deute
642 1665 804 1725 momordit
819 1681 907 1739 opus.

54 1802 60 1811 .
139 1762 191 1817 lat
201 1752 276 1814 llam
289 1753 410 1813 tulerint
422 1765 550 1825 magnos
565 1765 632 1810 cum
647 1749 770 1811 saecula
784 1755 889 1809 nostra
902 1754 1021 1823 poetas,

244 1835 312 1895 Non
327 1836 382 1896 luit
395 1834 517 1910 ingenio
531 1834 613 1893 lama
625 1831 757 1906 maligna
770 1846 849 1892 meo.

198 1918 340 1994 'Cumque
355 1935 412 1994 ego
432 1923 621 1994 praeponam
638 1916 750 1976 multos
765 1915 851 1988 mihi,
869 1929 931 1977 non
944 1913 1042 1977 minor
1060 1913 1119 1973 illis

245 2002 382 2064 Diceret
395 2002 426 2062 ip
439 2007 503 2062 toto
518 2001 665 2076 plurimus
681 1998 755 2059 orbe
768 2001 862 2077 legor.
1064 2022 1067 2029 ι

204 2083 239 2147 sl
253 2087 327 2162 quid
339 2086 453 2147 habent
466 2085 556 2160 igitur
569 2088 672 2145 vatum
686 2082 848 2159 praesagia
862 2081 936 2154 veri,

141 2177 194 2233 130
244 2169 384 2230 Protinus
401 2168 649 2242 armoricanum
665 2181 735 2239 ero,
749 2172 845 2239 terra,
860 2173 940 2226 tuus.

204 2251 278 2314 Sive
292 2253 398 2313 lavore
411 2253 480 2327 tuli,
494 2252 562 2312 sive
575 2251 654 2312 hanc
668 2266 726 2325 ego
741 2249 875 2309 caraune
893 2250 1003 2311 famam

244 2338 329 2412 lure,
342 2336 396 2397 tibi
409 2343 526 2412 grates,
542 2336 671 2397 candide
690 2336 800 2408 lector,
815 2347 885 2407 ago.

360 2674 363 2679 ⁴
409 2606 558 2690 llalllt
596 2602 828 2697 tulllius·

16 2798 22 2808 ·
137 2725 178 2821 1.
198 2725 290 2822 fluns
304 2774 427 2837 quoque
441 2760 480 2819 de
495 2760 615 2832 Getico,
630 2758 726 2817 nostri
739 2755 893 2828 studiose,
908 2753 1041 2816 libellum

246 2844 347 2905 Litore
361 2842 539 2920 praemissis
555 2847 698 2919 quattuor
711 2840 792 2900 adde
805 2837 891 2899 meis.
1116 2847 1119 2852 ’

204 2929 262 2989 Hic
276 2942 400 3003 quoque
418 2925 489 2986 talis
503 2926 573 2999 erit,
589 2925 689 3000 qualis
701 2924 824 2985 icauna
838 2928 962 2998 poetae:

246 3012 388 3071 Invenies
402 3017 466 3070 toto
482 3008 616 3068 carmine
630 3009 719 3068 dulce
733 3005 816 3066 nihil.

172 3104 190 3157 5
203 3094 326 3156 Flebilis
341 3101 375 3155 ut
388 3102 493 3155 noster
507 3099 603 3152 status
619 3098 680 3166 est,
695 3092 737 3150 ita
747 3089 850 3150 flebile
869 3102 999 3160 carmen,

147 3196 158 3215 ι
244 3177 390 3241 Materiae
404 3178 519 3252 scripto
539 3177 740 3236 conveniente
754 3186 839 3234 suae.

203 3261 325 3335 Integer
340 3266 370 3321 et
382 3261 479 3323 laetus
497 3260 577 3320 laeta
591 3266 622 3320 et
633 3256 777 3317 iuvenilia
792 3256 867 3316 lusia

245 3344 302 3404 Ilia
314 3349 413 3402 tamen
428 3359 508 3403 nunc
522 3358 571 3402 me
582 3339 797 3414 composuisse
811 3339 903 3413 piget.

203 3427 244 3488 Ul
262 3426 374 3501 cecidi,
389 3426 480 3487 subiti
495 3440 610 3502 perago
628 3422 792 3500 praeconia
807 3432 908 3493 casus,
