2586 3820
220 227 284 294 818
596 226 851 296 ἙΑὸΤΟΒΠΜ

345 381 431 444 Haeo
445 387 530 444 oeteo
543 379 656 443 iieilom
670 383 794 458 suadet,
812 389 843 445 ai
853 384 906 445 iiia
916 381 1004 460 gent

306 465 358 528 Sin
372 465 488 538 satuit,
506 480 693 540 mensesque
706 474 780 527 nota
796 469 928 528 aemevit
940 467 1060 527 ecdem.
1123 480 1130 497 ⁴

347 551 451 611 Iunius
466 555 517 610 eet
527 550 679 610 iuvenum.
707 551 759 625 qui
776 551 832 611 tuit
845 558 930 623 ante,
945 553 1077 610 aeuum?
1190 604 1194 611 .

260 695 265 705 ,
305 633 395 694 Dixit.
423 639 454 692 et
467 633 499 691 in
513 632 595 692 litem
612 631 713 692 studio
728 634 898 694 certaminis
912 635 1016 705 issent,

255 722 292 779 90
332 716 447 792 >Atque
460 716 506 774 ira
519 714 617 790 pietas
633 715 823 777 dissimulato
841 716 949 777 iuret..

303 799 396 860 Venit
408 798 571 874 Apollinea
581 798 691 872 longao
706 798 877 859 Concordia
890 801 975 858 tauro

346 882 432 942 Nexa
452 894 572 953 comeo,
587 881 701 956 placidi
715 897 825 942 nomen
840 896 985 958 opusque
996 879 1094 940 ducis.

303 964 388 1026 Haec
400 963 452 1024 ubi
466 964 599 1024 narmvit
610 965 726 1025 Tatium
741 967 912 1041 fortemque
923 963 1077 1038 Quirinum

346 1048 483 1121 Binaque
498 1061 566 1106 oum
580 1048 703 1124 popidis
717 1062 811 1123 regna
824 1050 928 1109 coisse
942 1047 1016 1120 suis,

251 1141 287 1196 95
299 1131 337 1192 tu
350 1131 414 1189 lare
427 1131 578 1190 communi
592 1146 722 1191 soceros
734 1146 929 1206 generosque
942 1135 1093 1203 receptos,

346 1213 414 1272 ‘His
432 1227 543 1272 nomen
561 1213 671 1274 iunctis
685 1214 800 1274 Iunius’
819 1213 917 1289 iuquit
931 1212 1055 1273 ‘hahet'

304 1297 392 1358 Dicta
405 1296 516 1371 triplex
530 1311 624 1377 cauea
637 1306 694 1358 est.
720 1299 762 1357 At
774 1312 833 1357 uos
848 1297 1013 1372 trumuine,
1028 1293 1141 1355 divae:

345 1381 410 1441 Res
427 1386 475 1440 est
488 1379 610 1440 arbitrio
624 1397 686 1441 non
700 1380 868 1440 dirimenda
880 1395 961 1440 meo.

304 1464 349 1524 Ite
369 1478 494 1539 peresa
507 1478 565 1523 me.
593 1465 748 1539 perierunt
761 1463 861 1524 indice
877 1465 993 1526 tonnae

242 1556 293 1610 100
347 1545 504 1623 Pergama.
532 1546 602 1622 pina
616 1547 754 1622 laedunt,
768 1562 860 1622 quem
876 1547 959 1608 iuuet
975 1561 1050 1619 una,
1065 1543 1160 1607 duae.

464 1672 467 1683 '
514 1666 519 1678 '
558 1677 895 1759 1.[1i·1t·1vn·]u

304 1797 404 1858 Prima
417 1796 484 1858 dica
498 1795 566 1878 tihi,
583 1797 694 1871 cuna,
710 1795 807 1858 datur.
834 1795 900 1856 Dea
912 1792 1045 1857 cardinia
1059 1793 1140 1855 haee
1154 1800 1208 1854 eat

348 1882 475 1942 Numine
489 1881 594 1941 ciauua
608 1881 719 1955 aperit,
734 1880 846 1940 claudit
861 1887 966 1956 aperta
979 1893 1048 1940 suo.

305 1965 394 2026 Unde
409 1966 496 2026 datas
512 1964 625 2024 haheat
637 1963 735 2038 vires,
749 1963 908 2025 obscurior
921 1978 1000 2023 aevo

346 2048 449 2109 Fama.
478 2047 534 2108 sed
548 2063 567 2107 e
581 2054 686 2108 nestro
701 2045 835 2107 carmine
849 2053 949 2107 certus
964 2044 1037 2106 erio.

244 2140 295 2194 105
307 2131 437 2203 Adiacet
450 2133 592 2206 antiquus
606 2129 746 2190 Tiberino
761 2130 849 2191 lucus
862 2129 1000 2190 Helerniz

347 2212 508 2274 Pontifices
522 2215 593 2273 iiiuc
606 2227 686 2274 nunc
700 2228 822 2289 quoque
835 2228 926 2274 sacra
940 2212 1048 2273 ierunt.

307 2295 383 2355 Inde
399 2302 466 2356 sata
479 2303 528 2356 est
539 2297 704 2372 nymphe...
720 2296 854 2358 Cranaen
869 2296 976 2357 dixere
989 2295 1144 2371 priores...

347 2378 538 2455 Nequiquam
551 2379 651 2439 multis
667 2394 762 2459 saepe
775 2380 870 2455 petito
882 2379 995 2455 procis.
1053 2402 1056 2409 ·

305 2462 388 2524 Rura
401 2461 503 2537 sequi,
523 2461 692 2537 iaculisque
705 2464 787 2524 ieras
802 2464 915 2537 euitare
927 2461 1055 2537 sciebat,

244 2557 295 2611 110
349 2545 553 2621 Nodosasqua
567 2560 644 2604 cava
661 2547 786 2606 tendere
801 2546 879 2606 valle
892 2545 1010 2621 plagas.
1079 2566 1081 2579 ·

305 2629 372 2690 Nou
385 2629 490 2688 habirit
504 2628 688 2705 pheretrum:
716 2628 830 2689 Phoebi
844 2636 943 2690 tamen
958 2643 1030 2688 ease
1043 2644 1184 2691 sororem

349 2712 527 2773 credebant.
556 2727 613 2772 nec
627 2718 707 2783 crat,
721 2712 859 2785 Phoebe,
876 2712 1021 2788 pudenda
1033 2712 1098 2771 tihi.

303 2797 382 2856 Huic
395 2797 504 2871 uliquis
518 2795 661 2857 iuvenum
673 2795 801 2856 dixisset
814 2796 945 2856 amantia
957 2794 1061 2868 verba,

345 2879 506 2939 Reddebat
520 2880 597 2940 tates
612 2878 749 2954 protinus
763 2879 815 2939 itia
829 2895 940 2940 senooz
1014 2910 1017 2917 »

243 2972 294 3027 115
307 2962 403 3021 ‘Haec
420 2962 489 3022 loca
503 2963 579 3022 tucis
593 2962 705 3022 hubent
718 2962 822 3035 nimis,
838 2971 868 3024 et
883 2979 951 3023 cum
965 2963 1033 3023 lucc
1047 2962 1184 3038 pudoris.
1271 3020 1274 3051 Ι

348 3043 382 3104 Si
396 3052 515 3105 secreto
525 3047 621 3121 magis
636 3045 723 3106 ducis
736 3047 767 3105 in
782 3053 880 3120 antra,
896 3050 1032 3121 sequor?

306 3126 452 3188 Credulus
467 3136 540 3190 ante
551 3137 584 3190 ut
598 3130 644 3204 iit,
659 3130 782 3190 frutices
798 3129 876 3189 haec
890 3136 980 3189 nocta
991 3129 1116 3203 resistit,

347 3210 385 3270 Et
401 3212 486 3286 latet,
501 3219 531 3273 et
549 3214 632 3272 nulio
645 3219 693 3273 est
706 3212 888 3273 invenienda
902 3213 1004 3272 modo.

304 3293 431 3354 Viderat
444 3295 522 3355 hunc
536 3296 636 3355 lanus.
665 3297 811 3371 visaeque
825 3293 967 3369 cupidine
981 3304 1090 3369 captus

242 3386 294 3440 120
347 3378 398 3436 Ad
412 3378 518 3439 duram
532 3378 634 3439 verbis
647 3378 788 3438 mnitibus
801 3393 877 3437 usus
892 3385 967 3437 erat.

304 3459 447 3538 Nympha
459 3461 544 3522 iubet
558 3461 661 3538 quaeri
675 3460 716 3524 de
729 3474 815 3522 more
826 3461 971 3548 remotius
986 3466 1114 3534 antrum,
