2602 3816
294 874 296 881 ,
352 769 570 855 ιιιιιιιιιιι
590 756 719 856 noun
742 771 909 857 nunus.

264 929 310 998 AD
332 929 363 998 G.
383 929 553 1001 nunninae
574 929 753 999 drusum
773 930 999 1049 GERMNIGUU.
1019 982 1022 987 ·

213 1106 374 1222 Tempora
387 1159 456 1205 cum
471 1144 573 1213 causis
584 1144 704 1209 'Latium
717 1142 836 1220 digesta
849 1161 905 1223 per
918 1162 1030 1213 annrmr
1048 1130 1058 1144 ⁹

252 1227 415 1307 Lapsaque
430 1227 488 1288 sub
501 1236 598 1289 terras
613 1236 740 1304 ortaque
753 1229 842 1305 signa
856 1245 972 1295 canam.

210 1309 327 1389 Excipe
340 1319 460 1388 parato,
483 1312 595 1373 Caesar
605 1311 794 1387 Germanice,
814 1312 901 1377 voitu

251 1392 318 1456 Hoc
332 1411 411 1471 opus
426 1403 456 1459 et
469 1395 592 1457 timidae
606 1396 702 1469 dirige
716 1395 803 1457 nands
817 1396 888 1456 iter:

185 1475 393 1554 sumereque,
411 1479 512 1539 levem
525 1495 587 1539 non
600 1487 759 1540 aversatus
774 1478 931 1557 honorem,

248 1561 326 1623 Huic
339 1561 392 1622 ribi
408 1562 517 1623 devoto
533 1562 655 1623 numine
670 1562 777 1623 dexter
791 1563 877 1623 ades.
972 1570 975 1575 “

143 1700 147 1709 .
210 1642 306 1706 Sacra
318 1660 524 1721 recognosces
539 1645 699 1706 annalibus
714 1653 800 1705 eruic
813 1644 934 1722 priscis,

248 1728 286 1789 Et
298 1744 359 1803 quo
374 1729 413 1789 sit
426 1730 532 1789 merito
548 1744 688 1806 quaeque
702 1735 804 1790 notata
818 1728 895 1791 dies·

209 1810 349 1873 Invenies
362 1813 423 1875 iilic
438 1819 467 1876 ei
481 1813 559 1874 festa
573 1813 741 1874 domestica
755 1812 859 1874 vobisc
1055 1874 1057 1884 ,

165 1909 201 1963 ιο
250 1893 351 1972 Saepe
363 1895 417 1957 tibi
431 1905 519 1973 pater
531 1904 586 1972 est,
608 1912 702 1973 saepe
716 1896 866 1972 legendus
880 1913 968 1962 avus.

210 1978 354 2054 Quaeque
367 1980 466 2041 ierunt
480 1981 522 2043 illi
536 1981 635 2056 pieros
651 1980 800 2058 signantia
815 1984 921 2057 fastos,

247 2063 292 2123 Tu
306 2078 430 2139 quoque
444 2079 512 2125 cum
526 2064 624 2126 Druso
640 2067 775 2142 praemia
788 2066 879 2127 fratre
893 2066 985 2129 feres.

209 2145 350 2208 Caesaris
366 2162 449 2206 arnna
462 2155 572 2211 canant
585 2149 645 2209 aiii.
677 2165 735 2210 nos
751 2150 890 2221 caesaris
905 2166 984 2226 aras,

108 2300 114 2315 ᾗ
249 2228 287 2289 Ει
300 2244 510 2309 quoscumque
523 2233 619 2292 sacris
633 2233 750 2294 addidit
764 2234 814 2297 iiie
828 2233 904 2298 dies.

165 2325 199 2379 15
208 2314 319 2375 Annue
333 2314 453 2374 conanti
467 2329 523 2391 per
534 2316 642 2377 laudes
656 2316 700 2377 ire
715 2324 844 2393 tuorum,

250 2396 357 2472 Deque
369 2412 438 2457 meo
453 2396 708 2473 pavidos’excute
726 2402 819 2462 corde
833 2408 941 2465 metus,

209 2480 256 2541 Da
267 2479 341 2541 mihi
354 2486 385 2540 te
400 2481 561 2556 piacidum,
583 2482 704 2543 dederis
718 2483 749 2543 in
764 2485 898 2549 carmina
911 2485 995 2557 viris.
1067 2552 1074 2565 ι

198 2562 201 2565 ’
249 2563 405 2640 Ingenium
420 2565 503 2625 voitu
517 2571 637 2648 statque
651 2567 794 2649 caditque
806 2576 868 2628 tuo.

209 2646 322 2724 Pagina
334 2646 477 2708 iudicium
491 2648 572 2709 docti
585 2649 721 2712 subitura
734 2658 872 2711 movetur

164 2741 200 2796 20
248 2730 405 2808 Principis,
426 2738 460 2792 ut
475 2731 572 2792 clario
585 2734 681 2794 missa
694 2733 824 2809 legenda
838 2733 908 2793 deo.

210 2814 292 2890 Quae
306 2815 346 2876 sit
358 2813 438 2877 enirn
452 2815 524 2874 culti
537 2816 680 2877 facundia
693 2817 846 2876 sensimus
860 2814 932 2891 oris,

250 2898 352 2960 Civica
365 2914 422 2974 pro
436 2897 564 2973 trepidis
579 2916 647 2963 cum
662 2899 728 2961 tulii
741 2915 824 2959 arnna
837 2898 908 2963 reis.

210 2979 329 3043 Scimus
343 2988 381 3055 et,
405 2981 445 3043 ad
461 2987 582 3042 nostres
597 2998 666 3045 cunr
679 2998 714 3045 se
727 2982 793 3043 tulit
806 2983 935 3061 impetus
950 2989 1040 3059 artes,

249 3064 369 3139 ingenii
378 3070 499 3126 currant
511 3062 637 3125 flumina
651 3073 764 3142 quanta
776 3066 829 3128 tui.

164 3158 200 3214 26
211 3146 243 3210 Si
256 3147 327 3207 licet
339 3156 369 3208 et
382 3150 429 3209 ias
444 3154 505 3220 est,
527 3155 614 3210 vates
627 3164 700 3225 rege
714 3149 792 3209 vatis
806 3148 951 3225 habenas,

250 3230 397 3307 Auspicio
412 3232 486 3293 felix
499 3237 580 3299 totus
594 3240 626 3295 ut
639 3248 737 3297 anuos
751 3238 809 3296 eei

210 3362 369 3473 Tempora
382 3396 531 3474 &gernon
546 3414 614 3460 cum
628 3397 767 3461 conditor
778 3398 879 3471 Urbis,
901 3397 932 3459 in
947 3413 1031 3463 anno

244 3481 404 3546 consfitruit
417 3497 540 3543 menses
554 3484 690 3562 quinque
702 3483 751 3545 bis
766 3499 838 3547 esse
851 3498 918 3543 suo.
