2586 3820
516 180 772 260 v1,5rs-594.
1079 132 1152 255 nsi

221 337 295 414 Ipso
313 334 437 413 quidem
450 335 565 397 iecisse
579 343 685 413 nepam
700 337 757 399 sed
770 336 852 399 tems
864 334 990 415 recepit

262 420 329 480 Hoc
345 428 407 493 est,
421 435 476 481 cur
490 421 561 480 odio
576 422 616 481 sit
628 421 683 481 tibi
700 434 791 482 servs
804 438 923 483 manus.

219 502 287 564 Non
301 510 402 579 tamen
415 504 495 564 hanc
509 519 565 579 pro
580 506 676 581 stirpe
691 522 748 567 sus
761 505 813 581 pia
826 512 923 571 muter
936 507 1052 569 ederet.

154 582 208 652 560
261 587 334 663 lpse
348 584 455 663 purum
468 588 543 647 felix
558 589 625 649 viss
639 589 881 663 susceperam..

131 662 134 673 ⁴
219 671 353 732 Alterius
368 672 485 747 prolem
499 670 608 732 melius
622 672 804 734 mandabitis
817 672 877 739 illi.⁴

260 754 368 816 Utilior
380 755 520 829 Boccho,
536 771 626 829 quam
640 757 695 817 luit
708 756 779 831 ipse
792 755 868 816 suis.

162 873 165 877 >
218 836 304 898 Hanc
317 839 385 913 tibi,
404 839 483 913 ‘Quo
499 843 680 914 properast’
702 845 869 901 memorant
888 836 1021 918 dixisse,
1034 839 1125 927 Rutili

259 923 353 983 ‘Luce
372 937 440 981 mee
452 922 678 982 Mersoconsul
692 923 730 983 ab
745 923 835 983 hoste
848 924 964 991 eudes!

153 1002 206 1064 555
217 1004 325 1066 Exitus
343 1006 475 1066 secessit
488 1004 601 1065 verbis.
630 1005 806 1080 flumenque
819 1004 926 1068 Toleni

259 1088 448 1165 Purpureum
461 1089 566 1149 mixtis
580 1089 730 1164 sanguine
743 1088 831 1150 fluxit
844 1089 943 1167 equis.

217 1171 378 1234 Proximus
392 1189 490 1234 annus
510 1179 590 1233 aratz
617 1172 784 1233 Pallantide
799 1188 909 1236 eeesus
924 1173 1032 1237 eadem

259 1257 366 1318 Didius
381 1257 507 1318 hostiles
521 1256 718 1331 ingeminavit
731 1272 820 1332 opes.

216 1334 282 1400 Lux
298 1341 421 1415 eudem,
435 1341 584 1413 Fortuna,
599 1347 729 1412 tuaest,
744 1347 927 1416 auctorque,
941 1342 1100 1419 locusque.
1179 1381 1180 1384 =

151 1435 204 1492 570
259 1422 322 1485 Sed
335 1423 549 1500 superiniectis
567 1424 636 1497 quis
650 1424 723 1485 lutet
736 1423 795 1485 iste
808 1422 912 1498 togist

218 1504 342 1568 Servius
356 1513 412 1566 est.
442 1507 502 1566 iem
516 1514 636 1567 constat
648 1508 740 1570 enim.
768 1506 832 1568 Sed
849 1523 945 1586 ceusu
959 1509 1072 1571 latendi

224 1627 234 1639 -
258 1591 433 1665 Discrepst,
448 1598 479 1650 et
491 1589 616 1651 dubium
629 1605 818 1667 mequoque
832 1591 941 1652 mentis
955 1592 1057 1654 hebet.

215 1672 294 1735 Dum
308 1674 368 1733 deu
381 1672 508 1734 furtivos
522 1674 627 1734 timide
642 1675 801 1750 profitetur
813 1689 943 1749 amores,

164 1817 170 1833 ,
258 1756 488 1834 caelestemque
501 1758 616 1818 homini
631 1759 835 1821 concubuisse
848 1757 982 1835 pudet,m

151 1846 203 1904 575
216 1841 300 1901 Arsit
312 1841 392 1901 enim
405 1856 518 1918 magno
530 1850 673 1917 coneptu
686 1841 828 1917 cupidine
841 1842 933 1918 regis,

259 1924 418 2000 Caecaque
431 1926 461 1985 in
475 1925 535 1986 hoc
548 1942 610 1987 unc
625 1942 687 1986 non
701 1926 758 1986 fult
771 1927 823 1986 illu
835 1926 935 1986 viro...

216 2008 310 2068 Nocte
323 2008 445 2068 domum
461 2024 557 2084 parva
574 2010 665 2071 solitu
678 2016 726 2070 est
738 2010 851 2070 intrare
863 2009 1014 2075 fenestras

256 2091 345 2152 Unde
357 2092 547 2153 Fenestellae
563 2094 687 2154 nomina
701 2101 790 2168 porto
802 2100 894 2153 tenet.
942 2152 944 2161 ,

216 2173 302 2236 Nunc
316 2175 427 2251 pudet,
442 2183 472 2236 et
485 2177 594 2237 voltus.
601 2177 752 2237 velamine
763 2178 842 2238 celet
855 2182 982 2254 amatos,

153 2271 206 2328 580
262 2257 383 2333 Oraque
398 2265 469 2320 sunt
483 2261 576 2320 multa
595 2261 679 2335 regia
692 2267 773 2322 tectu
785 2267 867 2335 tege„

154 2366 157 2371 ·
218 2341 266 2400 An
282 2341 377 2417 magis
392 2349 572 2418 miserum,
588 2351 660 2419 post
672 2344 748 2405 Tulli
763 2344 870 2406 lunera
883 2344 1004 2427 plebem

257 2424 420 2486 contusam
436 2426 548 2501 plueidi
561 2434 659 2487 morte
673 2427 771 2488 luisse
785 2428 884 2489 senis:

213 2507 277 2569 Nec
290 2509 401 2570 modus
413 2511 494 2570 ullus
509 2517 588 2584 eset,
602 2513 765 2573 crescebat
778 2511 909 2586 imagine
917 2510 1032 2587 ,lectus

255 2592 360 2653 Donec
374 2609 443 2654 eum
457 2594 567 2670 positis
583 2596 746 2655 occuluere
758 2595 864 2669 togiss

150 2681 202 2737 585
214 2675 314 2737 Tertia
328 2691 422 2736 eausa
434 2677 506 2737 mihi
521 2678 621 2753 sputis
635 2679 751 2739 msiore
765 2676 978 2739 consedasse·

257 2760 320 2819 Nos
333 2766 434 2820 tamen
449 2761 600 2822 adductos
613 2762 695 2822 intus
710 2775 836 2836 agemus
851 2772 960 2835 equos.

212 2841 308 2903 lullls
322 2843 479 2919 coniugio,
497 2846 625 2905 sceleris
638 2844 796 2917 mercede,
812 2850 936 2920 peretto

253 2926 309 2986 His
323 2928 413 2987 solite
426 2932 474 2987 est
487 2928 576 2988 dicus
590 2928 768 2988 extimuisse
782 2928 896 2990 virum=

213 3005 302 3080 ‘Quid
320 3011 405 3071 iuvat
418 3024 489 3070 esse
504 3027 608 3087 peres,
623 3019 654 3073 te
668 3019 790 3074 nostroe
807 3013 903 3077 caede
916 3013 1042 3088 sororis,

148 3101 201 3156 590
253 3090 364 3169 Meque
376 3094 420 3155 tui
434 3095 550 3166 fratris,
566 3096 594 3156 sl
611 3095 663 3171 pie
676 3098 739 3156 vite
753 3097 873 3172 placete

212 3172 324 3236 Vivere
339 3177 507 3239 debuerant
518 3185 550 3238 et
562 3180 610 3238 vir
623 3196 710 3240 ruens
725 3186 756 3240 et
768 3185 820 3243 tue
834 3178 977 3257 coniunx,
997 3228 1000 3233 .

93 3338 97 3341 Ι
252 3255 284 3317 Si
299 3260 411 3321 nullum
424 3260 528 3323 ausuri
542 3264 640 3323 meins
651 3276 776 3324 cramus
791 3275 886 3338 trtius»¹
966 3308 967 3311 ,
1059 3334 1067 3341 ι

211 3337 248 3407 Et
261 3348 352 3416 ceput
366 3351 396 3406 et
408 3342 534 3422 regnum
547 3346 744 3407 iselodotele
759 3345 903 3422 petentis.
932 3372 934 3381 ·

251 3422 285 3485 Si
298 3423 346 3487 vir
357 3441 409 3505 es,
422 3429 450 3506 1,»
464 3430 561 3490 dictes
576 3431 666 3515 exige
679 3430 762 3492 dotis
776 3437 868 3507 opes!
