2598 3812
519 199 563 272 ΙΙ,
586 196 621 275 i,
643 197 759 274 58-8,
780 200 831 265 46.

261 351 315 411 Est
329 349 458 425 aliqud,
475 357 617 427 speeiare
630 350 707 413 deos
723 358 753 411 er
766 351 878 415 adesse
894 363 1009 430 putare,

214 434 964 511 mfflwmmmwmm.

260 523 309 577 Aa
324 517 445 576 tandem
459 518 551 592 redii,
567 532 623 576 neo
638 533 687 577 me
705 524 786 579 tenet
799 518 904 579 uiriina
916 521 1014 592 telius,

301 599 402 673 thue
415 599 514 674 prius,
529 600 630 660 media
644 613 755 675 sospes
770 601 801 659 in
815 601 897 662 Urbe
910 609 1032 663 moroni

262 681 429 742 Caesareos
444 683 534 743 video
549 684 666 756 vultus,
682 686 764 745 velut
777 690 847 743 anie
859 685 1017 746 videbam:

231 821 236 831 ,
301 764 362 824 Vix
377 764 466 825 hirius
480 766 543 825 voti
557 782 630 840 spes
645 767 699 825 init
711 768 774 827 uiia
786 768 867 827 mihi.

213 853 247 907 15
262 846 361 923 thue
375 846 543 909 salutabam
562 864 672 910 numen
688 852 835 923 oaeieste,
851 851 960 911 saluto.

303 931 391 1004 Quod
405 932 509 991 reduci
524 931 655 1002 tribuas,
670 932 728 1005 nil,
744 939 832 1007 puto,
848 935 948 993 maius
962 933 1066 995 habes.
1112 958 1119 991 ι

266 1013 344 1089 Quid
358 1014 472 1075 nostris
488 1015 586 1079 oeulis
600 1016 741 1080 nisisoia
756 1015 869 1075 Palatia
883 1016 1012 1078 desumo

303 1096 475 1171 ominans,
491 1097 591 1159 abiaio
608 1098 753 1169 Caesare,
769 1099 838 1159 vilis
854 1100 919 1159 erin

261 1179 349 1241 Hune
364 1197 422 1255 ego
442 1192 510 1241 rum
525 1189 676 1257 spectem,
698 1181 806 1242 videor
819 1182 891 1241 mihi
907 1198 1031 1244 eernere
1044 1183 1176 1245 Romam.

212 1273 249 1327 20
302 1263 377 1323 Nam
391 1265 509 1339 patriae
524 1266 633 1327 faeiem
646 1264 777 1324 sustinet
790 1264 839 1324 iiie
854 1281 939 1325 suae.

261 1345 374 1421 Failor,
390 1363 428 1408 an
442 1347 511 1408 irati
524 1347 596 1409 mihi
612 1354 682 1408 sunt
695 1347 724 1406 in
740 1347 870 1421 imagine
888 1349 997 1424 vuitus,

303 1429 462 1505 Terraque
476 1431 581 1492 neseio
598 1432 671 1507 quid
687 1431 784 1490 forma
798 1431 939 1491 minantis
955 1432 1065 1493 habeti

261 1511 370 1585 Parce,
386 1515 432 1573 vir
446 1515 584 1575 inmenso
599 1514 695 1573 maior
710 1512 868 1575 virtutibus
889 1514 972 1590 orbe,

305 1596 447 1672 iustaque
460 1597 612 1657 vindictae
626 1596 783 1672 supprime
799 1598 864 1659 lora
879 1604 957 1657 tuae.

211 1683 246 1741 25
259 1677 368 1753 Parae,
384 1695 509 1755 preoor‚
524 1681 617 1740 saeoii
636 1681 732 1765 deeus
750 1679 913 1740 indelebile
927 1680 1032 1757 nostri,

303 1763 461 1823 Terrarum
477 1763 629 1825 dominum
646 1779 735 1839 quem
753 1779 808 1823 sna
824 1779 896 1822 eura
910 1764 991 1824 iacit„

159 1895 162 1898 ,
262 1844 319 1904 Per
332 1847 450 1920 patriae
463 1862 588 1920 nomen,
604 1862 683 1922 quae
696 1853 727 1908 ie
740 1846 793 1907 tibi
809 1847 909 1906 oarior
920 1846 992 1922 ipso
1011 1855 1066 1923 esi,

304 1928 362 1988 Per
376 1946 540 2004 numquam
555 1931 667 1991 sardos
682 1931 712 1992 in
727 1937 779 1990 tua
796 1937 870 1991 vora
885 1930 972 2005 deos,

262 2009 380 2087 Perqu'e
397 2013 454 2073 iori
469 2013 598 2088 sociam,
615 2029 692 2090 quae
707 2030 764 2089 par
776 2012 829 2073 abi
849 2014 916 2074 sola
929 2020 1050 2091 reperta
1064 2022 1119 2088 esi,

213 2095 249 2152 30
303 2094 341 2154 Er
353 2095 402 2155 oui
416 2097 560 2157 maiestas
579 2113 639 2157 nou
657 2112 791 2158 onerosa
802 2103 856 2159 iua
875 2104 937 2157 esta

262 2177 379 2254 Perque
393 2179 446 2238 tibi
461 2181 588 2245 similem
601 2180 720 2243 virtutis
735 2180 866 2257 imagine
880 2189 992 2255 natum,

303 2260 440 2323 Moribus
454 2263 603 2337 adgnosci
619 2265 669 2339 qui
685 2273 755 2327 tuus
769 2279 841 2326 esse
856 2271 966 2340 potest,
1104 2337 1107 2343 ⁴

262 2344 380 2420 Perque
393 2351 480 2419 ium,
495 2349 544 2406 vei
558 2363 618 2407 avo
633 2348 759 2423 dignos,
774 2349 823 2407 vel
838 2355 925 2424 patre
939 2353 1078 2427 nepotes.

307 2427 363 2502 Qui
378 2429 501 2493 veniunt
514 2445 624 2504 magno
640 2438 759 2505 pertua
773 2431 858 2490 iussa
871 2432 981 2506 gradun

217 2519 252 2573 35
265 2511 352 2575 Parae
366 2511 434 2571 leva
447 2512 570 2573 minima
583 2521 704 2575 nnsuas
718 2521 748 2575 ei
764 2515 908 2574 contrahe
922 2530 1048 2589 poenas,

305 2595 425 2669 Daque,
440 2597 549 2670 prorui
562 2595 708 2674 Scythico
724 2597 775 2673 qui
789 2598 830 2657 sii
842 2597 881 2656 ab
895 2598 1000 2670 hoste,
1015 2598 1126 2658 ionum.

264 2677 301 2737 Et
313 2684 380 2750 tua,
395 2678 422 2736 si
436 2679 483 2738 ias
498 2686 559 2751 est,
575 2696 594 2738 a
613 2680 743 2740 Caesare
756 2680 895 2754 proxime
910 2680 1033 2755 Caesar,

304 2761 433 2820 Numina
447 2763 507 2822 sint
521 2763 662 2837 precibus
676 2779 735 2822 non
752 2763 873 2822 inimica
887 2762 972 2824 meis.

265 2841 316 2904 Sia
331 2845 396 2904 iera
411 2845 630 2920 quamprimum
646 2844 757 2920 pavido
770 2845 930 2906 Germania
949 2846 1033 2908 vultu
1069 2850 1078 2859 '

213 2935 248 2989 40
306 2930 384 2987 Ante
401 2927 611 3002 triumphantis
627 2945 717 2988 serva
731 2928 844 2987 feratur
858 2944 973 3004 equosr

183 3062 187 3071 .
267 3008 317 3070 Sic
332 3018 418 3085 pater
430 3011 459 3070 in
474 3010 593 3089 Pylios,
611 3012 759 3071 Cumaeos
773 3013 913 3072 materia
928 3027 1025 3074 annos

305 3093 433 3169 Vivant,
449 3102 481 3155 et
493 3093 598 3170 possis
613 3095 693 3155 iiiios
708 3110 778 3155 essa
795 3095 857 3156 diu.

263 3174 308 3236 Tu
322 3193 461 3253 quoque,
477 3178 662 3239 conveniens
677 3178 789 3253 ingenti
802 3186 896 3254 nupia
911 3177 1027 3253 marito,

306 3261 422 3336 Aoeipe
435 3277 495 3322 non
513 3263 589 3322 dura
604 3260 751 3337 supplicis
769 3279 841 3323 aure
856 3277 974 3337 preces.

213 3351 249 3405 45
264 3340 314 3403 Sin
328 3342 380 3403 tibi
395 3345 442 3404 vir
455 3344 583 3422 smper,
599 3347 644 3406 sie
658 3346 721 3407 sini
737 3361 804 3407 rum
821 3345 908 3421 prole
922 3352 1059 3420 nepotes,

308 3424 442 3504 Cumque
455 3429 545 3491 bonis
562 3430 690 3492 nuribus
705 3430 788 3508 quod
802 3443 953 3506 peperere*
969 3444 1074 3489 nurus.
1167 3430 1169 3437 '
