2602 3816
458 189 515 262 lv,
539 186 593 265 14,
614 187 754 265 cre-16,
778 187 827 252 15.
892 264 895 268 q
1086 189 1148 263 109,

261 343 398 414 eamque
413 344 494 400 tuam
506 354 606 415 penas
620 339 652 401 in
665 342 790 413 meliore
803 341 888 401 locat
928 394 929 399 ,

224 426 312 501 Quod
325 423 469 499 quoniam
483 422 512 481 in
529 422 577 484 dis
592 430 648 497 est,
670 430 783 500 tempta
796 424 889 485 lenire
903 425 1059 498 precando

263 508 398 580 Numina,
419 511 566 585 perpetua
581 522 660 581 quae
674 508 785 583 pietate
801 508 886 569 colis.

177 603 214 657 as
224 591 343 651 Erreris
356 605 424 648 nam
440 595 481 664 tu,
502 589 556 648 vix
569 595 617 649 est
630 591 813 666 discernere,
834 589 930 663 nostri

266 674 315 736 Sis
329 678 536 747 argumentum
549 673 656 748 mniuS,
678 690 715 734 an
732 675 885 745 auxilium.

225 758 286 818 Nec
300 756 442 818 dubitans
458 771 523 816 erc.
553 755 610 817 sed
623 755 747 817 flumine
761 772 856 832 saepe
870 758 1006 819 secunde

130 910 133 913 ,
265 842 401 915 Augetur
415 840 506 901 remIs
522 854 631 901 cursus
646 840 745 901 cuntis
759 856 868 916 aquae.
896 908 898 911 ,

226 924 264 984 Et
277 925 380 1000 pudet,
403 929 433 985 et
446 931 553 985 metuo,
563 938 747 998 semperque
761 925 930 1000 eademque
944 924 1071 999 precari,
1148 973 1152 978 .

180 1016 218 1073 30
268 1009 312 1068 Ne
326 1007 454 1083 subeant
467 1007 566 1067 anime
582 1007 684 1067 taedia
697 1008 775 1067 iusta
788 1015 850 1069 tuo.

225 1093 339 1152 Verum
354 1090 427 1167 qnid
442 1091 571 1151 faciam?
591 1104 643 1150 res
657 1090 846 1152 inmoderata
859 1090 971 1167 cupide
985 1097 1040 1154 est.

265 1174 312 1235 Da
324 1174 443 1253 veniam
457 1174 539 1249 vitiu,
560 1173 640 1234 mitis
655 1175 759 1248 amice,
780 1190 859 1235 meu.

227 1257 367 1319 Scribere
381 1272 475 1334 saepe
490 1257 572 1325 aliud
586 1257 714 1332 cupiens
729 1252 856 1318 delabor
872 1258 994 1319 eodem:
1016 1324 1022 1331 x

267 1342 339 1418 Ipsa
353 1340 453 1401 lucum
467 1357 522 1417 per
536 1356 571 1400 sc
584 1341 682 1401 littera
695 1348 799 1402 nostra
812 1349 908 1416 rogat.

182 1424 404 1488 absentamur
419 1423 546 1485 effectus
560 1419 700 1485 habitura
712 1431 761 1486 est
773 1426 877 1500 gratia,
899 1441 956 1486 seu
969 1439 1018 1485 me

268 1507 351 1568 Dura
364 1508 447 1568 iubet
460 1507 560 1582 gelido
575 1507 670 1568 Parca
684 1508 741 1569 sub
756 1524 814 1568 axe
828 1510 918 1569 mnri=

228 1590 356 1668 Semper
369 1592 494 1654 inoblita
506 1598 642 1667 repetam
656 1598 708 1652 tua
723 1607 848 1653 munera
860 1597 970 1666 mente,

268 1675 306 1735 Et
319 1691 387 1736 maa
399 1690 447 1737 me
460 1676 548 1735 tellus
563 1674 667 1735 audiet
680 1691 751 1737 esse
765 1682 858 1739 tuum.

228 1758 340 1819 Audiet
353 1767 384 1818 et
397 1761 483 1820 caclo
498 1759 598 1836 posita
612 1765 660 1820 est
674 1773 882 1835 quaecumque
895 1757 952 1819 sub
966 1757 1028 1833 iilo,

185 1848 221 1902 40
272 1841 390 1903 Transit
402 1852 507 1905 nostre
520 1843 602 1904 seros
618 1843 750 1917 simodo
760 1843 854 1915 {Musa
869 1843 977 1903 Getasa

229 1924 332 2000 Teque
346 1943 432 1989 meae
445 1944 570 1989 causam
584 1934 832 2005 servatoremque
848 1925 964 1998 salutis,

271 2007 385 2087 Meque
398 2018 482 2073 tuum
495 2012 572 2073 libra
585 2011 664 2072 norit
678 2019 709 2071 et
722 2026 794 2073 aere
807 2011 917 2072 minus.
1018 2076 1023 2088 ,

151 2195 221 2288 ib.
275 2228 334 2290 ,aa
358 2228 568 2290 ruvinum.

232 2310 351 2421 Invida,
374 2343 448 2419 quid
463 2345 723 2417 lacerasqNasonis
738 2345 872 2406 carmina
885 2344 984 2420 raptis

274 2429 341 2491 Non
355 2428 435 2490 solet
448 2428 576 2502 ingeniis
591 2445 709 2491 summa
721 2444 834 2490 nocere
847 2428 925 2500 dies,

231 2511 384 2588 Famaque
399 2519 469 2586 post
484 2511 601 2573 cineres
614 2514 715 2573 maior·
724 2512 815 2572 venit.
846 2510 960 2570 etmihi
975 2525 1084 2571 numen

273 2596 356 2657 Tunc
372 2612 501 2670 quoque,
522 2611 591 2656 cum
605 2597 684 2667 viris
698 2595 922 2665 adnumerarer,
943 2599 1015 2652 erat.

201 2688 218 2740 5
232 2679 304 2739 Cum
318 2681 395 2739 soret
408 2685 439 2738 et
452 2679 572 2751 Marsus
587 2680 749 2754 magnique
764 2676 906 2746 Rabirius
921 2675 984 2735 oris

273 2764 444 2839 Iliacusque
456 2762 559 2837 Macer
573 2762 774 2835 sidereusque
786 2759 885 2831 Pedo:

232 2845 278 2919 Et,
301 2847 352 2922 qui
365 2846 510 2920 lunonem
524 2845 666 2906 laesisset
678 2846 710 2905 in
722 2841 862 2915 Hercule,
881 2840 985 2916 carus,

273 2929 397 2990 Iunonis
412 2929 439 2989 si
456 2944 518 2988 nou
532 2928 590 3001 iam
605 2944 699 3003 gener
712 2927 763 2985 iile
777 2926 868 2986 seret:

234 3010 352 3089 Quique
367 3012 451 3075 dedit
463 3012 548 3073 Latio
564 3027 685 3077 carmen
698 3011 801 3084 regale
815 3007 958 3084 Severus,

108 3114 114 3129 ¹
190 3108 225 3160 ιο
274 3095 393 3159 Etcum
408 3094 509 3158 subtili
523 3094 643 3155 Priscus
657 3101 786 3167 uterque
799 3093 910 3156 Numae

234 3177 351 3253 Quique
363 3180 414 3240 vel
427 3178 592 3254 imparibus
606 3176 748 3251 numeris,
767 3176 919 3248 Montano,
941 3175 993 3233 vei
1005 3174 1111 3250 aequis

275 3259 406 3338 sufficis,
428 3270 459 3323 et
470 3262 590 3339 gemino
606 3260 738 3320 carmine
751 3276 862 3321 nemen
875 3258 986 3318 habes=
1027 3273 1030 3279 ·

232 3342 271 3427 Et
285 3343 337 3418 qui
349 3345 522 3423 Penelopae
535 3346 705 3407 rescribere
718 3343 808 3405 iussit
820 3343 939 3417 Ulixen,
1141 3340 1146 3347 ’

273 3425 429 3487 Errantem
444 3446 537 3489 saevo
552 3429 683 3505 perduc
698 3428 794 3488 lustra
807 3424 890 3499 mari,

190 3518 223 3574 15
236 3509 354 3586 Quique
368 3522 455 3571 suam
467 3511 581 3573 Troeze
609 3511 634 3634 u
657 3511 886 3588 perfectumque
901 3508 1016 3572 dierum
1117 3540 1158 3550 -
