2602 3816
147 232 217 297 'ff
530 228 783 294 PASTORUM

237 384 277 459 ³1,
291 380 623 454 area’otxitoaviane
636 382 710 457 quid
722 382 775 459 pia
788 394 877 444 saera
890 391 1031 462 moretur,

173 477 225 532 250
279 468 316 527 Et
329 475 450 528 tenuem
462 468 540 528 vivis
555 466 688 526 lontibus
703 466 790 526 adler
802 471 953 544 aquarn!¹

237 551 353 612 Corvus
366 552 534 611 inauratum
549 548 679 625 pedibus
692 556 808 610 ornum
820 551 958 611 recurvis

274 633 376 708 Tollit,
397 643 427 695 et
441 636 554 695 aerium
569 633 707 707 pervolat
720 634 798 694 attus
812 632 877 693 iter.

237 717 342 778 Stabat
355 717 455 779 adhue
470 717 553 777 duris
568 715 645 776 fleus
660 717 844 776 densissima
858 716 974 791 pomisr

271 801 412 876 ‘Temptat
426 806 616 859 eam-rostro.
643 814 705 858 non
719 806 784 860 erat
797 806 868 874 apta
881 800 951 875 legi,

173 891 225 945 255
238 883 388 944 Inmemor
400 883 439 941 im
444 882 518 957 perii
534 882 655 943 sedisse
669 881 726 943 sub
739 881 850 942 arbore
863 883 965 957 fertur,

276 969 354 1028 Dum
368 966 476 1025 fierent
487 966 574 1026 tarda
588 966 689 1025 doleia
702 978 795 1041 poma
807 980 901 1026 mora

195 1050 199 1055 “
235 1051 360 1125 Iamque
374 1056 458 1108 satur
470 1049 564 1123 nigris
579 1049 702 1122 longum
715 1050 794 1123 rapit
805 1048 958 1124 unguibus
973 1048 1117 1129 hydrum,

276 1133 326 1194 Ad
340 1133 555 1208 dominumque
568 1132 660 1206 redit,
678 1132 809 1206 fletaque
823 1133 917 1192 verbo
929 1132 1037 1193 referta

236 1216 303 1276 ‘Hie
317 1214 390 1275 milri
404 1230 499 1276 eausa
512 1230 632 1288 morae,
647 1216 785 1275 vivarum
805 1215 952 1275 obsessor
966 1231 1135 1292 aquarum=

173 1312 226 1368 aso
278 1299 335 1359 Hie
347 1298 442 1359 tenuit
455 1299 556 1372 lontes
570 1298 766 1374 officiumque
779 1302 901 1357 meum?

236 1382 359 1443 {Addis’
374 1382 415 1441 ait
427 1384 547 1457 ‘eulpae
561 1381 719 1440 mendacia
725 1385 746 1453 ,’
760 1380 901 1442 Pnoebus
914 1385 958 1442 ‘et
971 1384 1068 1444 audes

126 1522 130 1527 ,
276 1465 442 1526 Fatidiauru
456 1465 556 1524 verbis
570 1465 676 1525 lettere
689 1466 768 1524 velle
783 1465 894 1524 deumr

234 1551 277 1610 At
290 1548 359 1622 tibi,
375 1549 447 1609 dum
460 1549 575 1611 lactens
591 1547 727 1607 haerebit
740 1549 770 1607 in
784 1544 894 1609 arbore
907 1547 995 1621 lions,

275 1633 320 1693 De
334 1632 417 1692 nullo
432 1631 552 1707 gelidae
566 1631 647 1691 lonte
661 1630 801 1692 bibentur
813 1635 935 1707 aquae)

170 1721 221 1778 265
235 1715 324 1776 Dixit
352 1721 396 1789 et,
411 1715 525 1790 antiqui
538 1714 721 1775 monimenta
734 1716 879 1790 perennia
891 1713 972 1788 laeti,

272 1799 406 1875 Argum,
421 1799 514 1870 Avis,
530 1797 633 1859 Crater
646 1798 748 1858 sidera
763 1799 864 1858 iuneta
875 1798 995 1859 micant

484 1999 536 2064 15.
563 1996 821 2061 ῈΙΝΡΕΜ)

228 2134 334 2194 *Tertia
346 2142 418 2210 post
429 2135 501 2195 Idus
516 2134 616 2194 nudos
631 2148 743 2194 aurora
754 2132 912 2209 Lupercos

271 2218 406 2293 Aspicit,
419 2226 451 2277 et
463 2218 557 2277 Fauni
572 2232 660 2277 saera
673 2218 806 2277 bicornis
822 2225 901 2277 eunt.

231 2300 342 2371 Dicite,
357 2300 506 2369 Pierides,
522 2315 678 2360 sacrorum
694 2316 772 2374 qnae
786 2300 826 2360 sit
839 2302 953 2376 origo,'
1039 2354 1042 2369 ,

172 2392 224 2449 tio
270 2383 436 2457 ‚mugerint
448 2383 549 2442 Latias
563 2383 644 2443 unde
659 2384 752 2458 petita
766 2384 897 2444 domest

236 2465 319 2527 Pana
332 2467 421 2526 deum
436 2468 556 2541 peeoris
571 2473 690 2526 veteres
705 2468 839 2528 soluisse
854 2467 990 2528 feruntur

275 2551 429 2610 Arcadesr
457 2550 599 2610 Arcadiis
614 2551 760 2625 plurimus
775 2551 824 2609 ille
839 2551 927 2624 iugis.

234 2634 332 2694 Testis
348 2634 403 2693 erit
415 2632 544 2705 Pholoe,
559 2640 652 2693 testes
669 2633 896 2711 Stymphalides
910 2636 1020 2707 undae,

275 2716 391 2792 Quique
405 2717 471 2777 citis
486 2717 591 2778 Ladon
606 2717 636 2775 in
649 2724 732 2775 rnare
746 2717 837 2777 currit
852 2717 950 2792 aquis,

172 2804 223 2860 275
238 2797 402 2874 Cinctaque
416 2801 526 2875 pinetis
541 2800 674 2860 nemoris
687 2800 760 2875 iuga
772 2800 943 2873 Nonacrini,

256 2882 401 2958 'Altaque
417 2884 554 2961 Cyllene,
568 2882 807 2957 Parrhasiaeque
821 2884 918 2942 nives.

233 2963 295 3025 Pan
309 2973 373 3024 erat
387 2968 525 3040 armenti,
540 2967 601 3028 Pan
616 2968 676 3026 illie
691 2981 801 3027 numen
817 2981 977 3042 equarum=

274 3047 383 3109 Munus
399 3048 438 3110 ob
452 3051 618 3110 incolumes
632 3050 683 3109 ilie
697 3049 812 3109 ferebat
825 3063 910 3108 oves.

234 3130 394 3193 Transtulit
406 3131 548 3194 Euander
562 3133 714 3193 silvestria
727 3132 849 3192 numina
863 3145 977 3191 seeum.

172 3219 223 3275 teo
276 3215 347 3287 Hie,
357 3215 414 3276 ubi
428 3229 506 3274 nuno
520 3217 600 3276 Urbs
614 3224 676 3289 est,
690 3222 754 3276 tum
767 3217 854 3273 loeus
868 3213 951 3274 urbis
966 3222 1040 3276 erat

234 3298 308 3357 Inde
322 3298 413 3359 deum
427 3298 568 3371 colimus,
584 3299 875 3371 devectaquesaera
887 3295 1034 3372 Pelasgis.

271 3378 395 3441 Flamen
409 3381 539 3440 adhaec
554 3381 656 3455 priseo
670 3395 754 3440 more
766 3378 861 3439 Dialis
875 3386 948 3439 erat.

235 3460 294 3521 cur
307 3463 398 3537 igitur
410 3470 547 3537 sumant,
563 3471 594 3523 et
607 3479 690 3524 our...
706 3462 751 3522 sie
762 3472 885 3523 currere
895 3460 968 3523 mos
983 3448 1060 3525 estss..
