2586 3820
429 238 433 243 ’
485 243 545 320 tv,
566 241 742 309 ead-oea

130 408 183 464 666
235 395 336 470 Ponit,
337 371 344 396 ’
358 394 485 469 adorato
499 412 556 471 per
568 413 625 457 sua
638 395 733 469 verba
744 396 818 458 'deo
900 436 903 443 ·

198 482 244 542 lot
232 488 316 543 terea
328 441 479 556 placidam
493 480 631 542 redimita
644 495 799 576 peperere
814 479 942 541 frontem

238 562 306 623 Nox
319 563 420 634 venit,
438 568 468 622 et
481 578 584 622 seeum
598 563 815 638 somnianigra
829 561 927 623 trahit
1083 608 1090 627 ,
1158 634 1161 637 ¹

197 628 320 709 Fa‘unus
333 646 436 718 adest,
452 645 615 720 otiumque
628 661 770 722 premens
785 645 866 722 pede
880 643 992 707 vellera
1004 642 1082 713 duro

238 729 350 789 Edidit
354 729 497 789 adextro
508 729 580 789 talia
593 729 674 789 dieta
687 735 769 790 toro.
869 762 871 769 s
935 758 938 765 ·

132 824 184 881 665
199 813 308 874 ‘Morte
321 810 414 871 boum
427 810 493 884 tibi,
515 827 585 885 rex,
603 813 703 872 ratius
718 810 868 887 placenda
881 810 1022 872 duarumt

237 895 295 955 Det
309 895 407 959 saeris
420 895 536 954 animas
551 910 612 954 una
625 902 733 954 necata
750 895 849 956 duas.’
967 914 969 921 ⁴

197 980 296 1039 Exeut
296 978 355 1039 itur
368 986 484 1038 terrore
500 978 603 1052 quies·
625 977 720 1037 Numa
733 978 802 1039 visa
814 976 954 1050 revolvit

228 1063 277 1122 Et
289 1076 393 1122 seeum
407 1060 551 1135 ambages
565 1076 719 1134 caedeque
732 1062 819 1123 iussa
831 1062 932 1121 refert

134 1142 330 1231 Expedit
346 1152 501 1204 errantem
508 1142 624 1204 nemori
638 1143 811 1218 gratissima
822 1144 973 1207 coniunx
1060 1188 1061 1191 ,
1141 1186 1144 1193 -

130 1238 183 1294 fiio
236 1219 273 1288 E't
287 1228 362 1288 dixit
375 1227 539 1287 roravidae
553 1225 692 1303 posceris
706 1234 776 1287 exta
789 1225 901 1287 bovis)

197 1312 277 1372 Exta
288 1310 377 1373 bovis
392 1311 537 1386 gravidae
553 1311 672 1370 dantur
698 1309 814 1370 felicior
828 1325 925 1371 annus

238 1393 393 1467 Provenit‚
417 1402 446 1454 et
460 1395 591 1454 fructum
603 1399 684 1452 terra
698 1408 856 1468 pecusque
871 1393 979 1455 terunt

199 1478 284 1538 Hano
294 1478 452 1552 qnondam
466 1477 615 1553 Cytherea
628 1476 708 1535 diem
721 1475 933 1550 properantius
946 1474 992 1539 ire

238 1562 344 1634 lussit,
369 1567 399 1621 et
411 1561 564 1620 admissos
578 1558 788 1636 praecipitavit
802 1575 909 1637 equos,
969 1621 973 1629 f

134 1652 185 1709 did
199 1644 238 1705 Ut
250 1645 366 1705 titulum
382 1644 498 1719 imperii
513 1659 580 1717 oum
594 1643 721 1719 primurn
736 1643 804 1703 luee
823 1641 962 1717 sequenti

240 1728 378 1805 Augusto
393 1728 495 1788 iuveni
508 1742 659 1803 prospera
673 1726 753 1786 belle
767 1726 883 1787 darent

367 1860 418 1923 16.
435 1834 602 1923 *Bna‘vnr
643 1854 693 1923 17.
715 1858 869 1918 CNavni

201 1976 263 2039 Sed
276 1977 336 2038 iam
349 1977 526 2053 praetenues
541 1982 665 2052 quanus
679 1975 733 2036 tibi
745 1975 866 2039 Lucifer,
878 1952 952 2037 Idus

240 2062 386 2137 Respicit.
413 2061 477 2120 Hae
492 2061 617 2136 Hyades
628 2058 743 2123 Dorida
756 2066 845 2119 noete
859 2058 969 2118 tenent

243 2191 293 2256 18.
314 2194 475 2254 DNuvnr
514 2192 563 2257 19.
585 2191 711 2253 ECER
724 2191 857 2291 Nato·
850 2206 921 2252 ··1u
935 2207 995 2250 cra

199 2310 298 2371 Tertia
311 2318 384 2386 post
395 2310 522 2406 Hyadas
541 2325 608 2370 eum
623 2311 746 2371 luxt
690 2311 746 2370 erit
760 2284 826 2371 orta
838 2316 980 2383 remotos,

132 2396 186 2461 686
242 2395 369 2455 Careere
383 2393 509 2469 partitos
527 2392 889 2468 Cironshobebitequos
944 2412 946 2419 ·

201 2478 261 2538 Cur
275 2477 365 2551 igitur
379 2476 493 2536 missae
508 2476 618 2537 vinetis
631 2477 768 2538 ardentia
780 2477 878 2539 taedis

242 2560 451 2635 remanerent
465 2561 588 2636 volpes,
603 2576 699 2621 eausa
713 2559 854 2622 docenda
867 2556 938 2619 mihi
953 2561 1010 2617 est.

200 2644 323 2723 Frigida
337 2642 503 2718 Carseolis,
526 2656 584 2702 nee
600 2644 691 2703 olivis
705 2650 777 2718 apta
791 2639 924 2702 terendis
1088 2650 1092 2659 “

124 2752 130 2770 ·
172 2744 177 2763 ¹
215 2728 346 2802 arena,
368 2727 423 2786 sed
440 2726 480 2786 ad
494 2733 615 2801 segetes
630 2726 905 2800 ingeniosus-ager.
1041 2726 1044 2734 '

136 2819 187 2873 685
200 2813 264 2874 Hae
280 2827 337 2886 ego
351 2808 507 2884 Pelignos,
531 2809 739 2881 raetiarum,
761 2805 910 2883 parabam,

243 2888 356 2968 Parva,
379 2893 435 2953 sed
450 2891 583 2953 assiduis
597 2891 691 2953 uvida
705 2904 826 2965 semper
839 2889 939 2964 aquis.

202 2977 343 3053 Hospitis
353 2975 466 3051 antiqui
481 2975 552 3035 solit
539 2981 587 3034 tas
603 2972 777 3034 intravimus
793 2972 898 3032 aedes.

241 3061 420 3136 Dempserat
433 3057 587 3119 emeritis
578 3074 648 3121 nm
646 3057 723 3130 iuga
735 3055 875 3119 Phoebus
890 3052 986 3131 equis.

200 3143 231 3202 Is
245 3142 316 3203 mihi
330 3144 424 3204 multa
436 3141 575 3217 quidem,
598 3140 654 3201 sed
669 3139 787 3199 ethaeo
801 3154 925 3218 nanare
938 3134 1065 3211 solebat,

131 3231 185 3291 690
232 3225 322 3286 Unde
334 3242 433 3286 meum
447 3239 594 3301 praesens
608 3223 805 3287 instrueretur
821 3238 913 3298 opilSt
983 3242 986 3251 ¹

202 3308 293 3369 ‘Hoc’
308 3308 349 3368 ait
362 3309 406 3368 ‘in
419 3310 573 3384 eampo’...
588 3316 790 3382 eampumque
800 3303 961 3366 ostendit..
976 3300 1119 3364 ‘habebat

234 3393 299 3452 Rus
312 3389 407 3451 breve
422 3408 490 3452 oum
503 3391 580 3452 duro
594 3404 688 3467 pereo
701 3388 813 3451 eolona
827 3388 905 3446 viro

199 3477 254 3539 lile
269 3489 357 3537 suem
371 3475 535 3551 peragebat
549 3474 689 3553 humum,
711 3472 778 3537 sive
790 3486 867 3534 usus
881 3468 981 3546 oraui,
