2582 3810
140 157 182 228 to
209 148 214 169 '
530 159 758 225 uersatum

263 311 388 387 lamque
401 328 508 388 parurn
521 313 608 373 firmo
623 328 672 373 me
686 314 758 374 mihi
773 314 853 373 terre
866 326 961 389 gnate
973 323 1031 378 est.

196 394 405 469 euinceret,
420 404 454 459 ut
469 398 570 471 posito
586 395 727 456 deberem
747 397 808 458 fine
822 398 960 459 laborum

263 479 377 538 Vivere
391 495 439 538 me
458 480 540 540 nullo
556 479 741 540 sollicitante
750 479 842 554 metir,

225 561 372 637 Quaeque
384 578 469 622 meae
483 577 605 637 semper
618 564 796 638 placuerunt
810 566 871 625 otia
884 559 990 627 menti
1047 584 1051 593 ’

266 645 398 721 Carpere
411 652 441 707 et
454 647 485 707 in
499 646 607 706 sbadiis
621 648 751 708 molliter
760 662 837 710 'esse
849 651 935 722 meis,
950 684 952 689 ·

225 728 263 789 Et
276 744 401 808 parvam
416 729 570 801 celebrare
585 730 707 791 domum
721 738 904 808 veteresque
917 733 1046 795 Penates

184 820 219 873 1o
270 813 308 875 Et
323 828 401 887 quae
415 828 495 873 nune
510 813 633 873 domino
645 830 718 875 rura
731 822 858 891 patema
872 825 983 891 carent,
994 844 1008 857 >·

226 897 322 972 Inque
336 896 404 956 sinu
418 896 559 957 dominae
573 898 715 972 carisque
731 899 890 961 sodalibus
905 900 997 975 inque
1025 973 1028 981 Ι

268 979 400 1040 Securus
415 980 513 1055 patria
527 982 729 1055 consenuisse
742 996 833 1045 mea·
914 1013 927 1019 «ν
1026 1022 1029 1026 -
1053 1018 1056 1021 -

227 1064 310 1123 Haec
324 1078 392 1122 mea
406 1062 451 1123 sic
465 1063 620 1138 quondam
634 1067 745 1141 peragi·
755 1073 935 1141 speraverat
948 1073 1049 1130 aetas:

268 1147 333 1208 llos
346 1161 404 1222 ego
419 1147 465 1207 sie
479 1163 575 1208 annos
591 1163 706 1223 ponere
719 1149 832 1224 dignus
847 1162 940 1209 eram.¹

181 1234 215 1288 lt
229 1230 351 1291 Nonita
365 1229 413 1290 dis
427 1231 542 1304 visum,
561 1231 612 1306 qui
625 1247 674 1292 me
688 1230 980 1310 terraque'marlquo

270 1314 380 1375 Actum
396 1313 569 1376 Sarmaticis
585 1330 760 1391 exposuere
772 1317 859 1385 locis.
953 1330 955 1337 ’
980 1392 982 1398 ¹

228 1399 263 1459 In
277 1412 354 1458 aava
368 1397 516 1458 ducuntur
529 1414 664 1475 quassas
677 1401 798 1460 navalia
811 1412 942 1476 puppes,
957 1444 966 1463 2

270 1482 315 1541 Ne
328 1482 485 1541 temerein
499 1482 608 1542 mediis
621 1483 823 1544 destituantur
836 1484 937 1560 aqrns.
1043 1496 1045 1503 ’

230 1565 279 1626 lle·
288 1564 378 1625 cadat
391 1572 421 1625 et
434 1567 543 1626 multas
558 1568 675 1641 palmas
688 1566 1017 1645 inhonestatudeptus,

182 1654 218 1708 20
271 1647 445 1724 Languidus
460 1651 491 1708 in
505 1650 600 1724 pratis
615 1651 751 1725 gramina
763 1651 861 1726 carpit
874 1667 982 1731 equus.

230 1732 318 1792 Miles
332 1739 365 1792 ut
378 1732 510 1793 emeritis
525 1740 650 1794 nonest
663 1733 739 1793 satis
752 1734 833 1794 utilis
848 1735 945 1809 annis,
1041 1792 1047 1806 ,

270 1815 361 1876 Ponit
374 1817 414 1876 ad
427 1814 571 1891 antiquos
587 1830 665 1891 quae
678 1816 745 1876 tulit
759 1832 856 1891 arma,
871 1818 975 1878 Lares.

235 1899 287 1961 Sic
301 1899 405 1974 igitur,
419 1900 508 1959 tarda
520 1900 602 1959 vires
616 1899 770 1960 minuente
778 1907 915 1977 senecta,

273 1982 323 2042 Me
338 1996 462 2057 quoque
475 1982 583 2043 donari
593 1983 653 2041 iarn
666 1983 742 2042 rude
755 1988 874 2057 tempus
890 1989 963 2043 erat.

185 2078 220 2131 25
233 2066 365 2140 Tempus
380 2072 445 2127 erat
457 2081 515 2126 nec
529 2081 577 2125 me
597 2066 788 2141 peregninam
802 2068 912 2126 ducere
927 2066 1051 2143 caelum,

274 2149 338 2209 Nee
351 2149 465 2208 siccam
480 2149 586 2209 Getico
600 2150 683 2210 tonte
696 2149 800 2208 leuare
812 2149 922 2209 sitimr
1118 2148 1121 2157 ’

149 2292 151 2295 .
236 2231 299 2292 Sed
311 2231 421 2303 modo,
437 2236 516 2305 quos
535 2232 641 2304 habui,
656 2233 945 2292 vacuumseeedere
958 2235 989 2293 in
1003 2235 1119 2309 hortos,

273 2315 359 2375 Nunc
372 2314 528 2375 homiuum
541 2315 611 2375 visu
624 2317 731 2376 rursus
745 2322 777 2377 ct
788 2314 870 2376 Urbe
877 2317 962 2397 troi„

237 2396 288 2458 Sic
302 2398 402 2457 animo
418 2398 573 2473 quondam
586 2399 650 2459 n'on
663 2399 817 2459 divinante
831 2401 932 2460 lutura
959 2438 962 2443 >

187 2485 223 2540 30
277 2480 426 2556 Optabam
439 2481 560 2556 placide
572 2482 678 2541 vivere
692 2482 787 2557 posse
802 2492 907 2542 senex.
941 2512 944 2519 -
962 2516 966 2519 Δ

237 2566 311 2625 Fata
323 2571 543 2639 repugnarunt,
559 2570 639 2639 quae·
653 2580 720 2627 curn
734 2565 805 2624 milri
819 2572 956 2642 tempora
969 2567 1065 2642 prima

276 2647 381 2707 Mollia
394 2647 603 2722 praebuerint,
619 2649 789 2722 posteriora
802 2642 954 2722 gravant?

239 2732 364 2805 lamque
377 2731 485 2792 decem
499 2731 608 2791 lustris·
618 2732 699 2790 omni
715 2733 781 2791 sine
794 2732 863 2791 labe
878 2732 1016 2808 parantis,

270 2812 371 2872 vParte
382 2830 504 2889 premor
517 2815 598 2874 ritae
613 2814 765 2875 deteriore
776 2831 877 2874 meaea
932 2815 946 2857 ι’

191 2897 226 2951 35
239 2897 301 2957 Nee
315 2899 422 2970 procul
436 2914 455 2957 a
469 2898 571 2969 metis,
587 2913 666 2971 quas
680 2908 781 2972 paene
791 2896 893 2958 tenere
905 2894 1042 2974 uidebar,

283 2979 437 3040 Curriculo
452 2981 554 3054 gravis
569 2987 617 3040 est
631 2981 812 3040 lacta-ruina
824 2996 902 3039 meo.

239 3063 320 3137 Ergo
335 3062 557 3123 illum‘demens
571 3064 604 3123 in
615 3080 663 3123 me
679 3063 908 3137 saevirecoegi,

282 3145 383 3205 Mitius
397 3144 554 3208 inmensus
571 3162 632 3220 quo
647 3146 721 3205 nihil
735 3146 817 3205 orbis
831 3144 944 3203 habeta

241 3229 374 3306 Ipsaque
388 3228 506 3288 delictis
521 3229 602 3288 victa
616 3235 663 3289 est
676 3228 833 3289 clementia
846 3227 969 3301 nostris,
1077 3262 1081 3269 ,
1112 3264 1118 3274 ·

192 3319 229 3376 40
280 3313 342 3371 Nec
355 3318 456 3372 umen
469 3313 564 3372 errori
579 3312 761 3385 mtatnffiats
775 3316 877 3369 meos·
921 3322 923 3329 ’
1013 3340 1017 3351 ‚

242 3395 313 3457 Vita
327 3397 433 3470 procul
446 3394 545 3472 patria
558 3394 733 3470 peragenda
746 3392 809 3455 sub'
819 3409 879 3454 axe
890 3392 997 3469 boreo,
1036 3434 1049 3445 ,.
1067 3428 1070 3435 ‹
