2586 3820
213 210 280 282 816
581 216 868 283 ἙΑῊΟΒΠΜ.

248 377 284 432 10
338 368 425 432 Veoe
437 370 541 446 loeas,
557 371 584 432 sl
597 386 659 433 nou
674 367 901 447 obstreperetur
913 369 1014 445 aqum.

295 451 352 513 Hie
365 469 424 530 ege
438 455 638 530 quaerebam,
655 455 755 529 coepti
770 466 850 528 queo
862 454 976 515 mensis
991 452 1080 530 origo

338 535 442 611 Esset,
458 546 489 600 et
501 536 531 598 in
546 552 622 599 oara
634 537 766 597 nominis
779 537 871 599 baim
884 550 977 599 eram

268 649 274 659 ·
296 618 378 681 usos
391 622 467 685 deas
484 621 555 681 vidi
583 635 646 683 non
660 635 739 695 quas
754 627 935 695 praeceptor
947 619 1056 685 maadi

256 772 261 783 ¹
338 704 478 777 Viderat,
494 706 644 764 mameae
659 719 728 765 uum
741 710 921 778 sequeretur
937 718 1025 762 avesa

140 832 145 843 .
247 792 279 847 lb
293 784 355 846 Nee
370 803 447 861 quas
459 786 624 846 Priamides
640 787 670 845 in
685 798 822 861 aquosae
834 786 965 847 vallibus
979 785 1053 846 ldae

339 868 477 930 Contulit
505 884 544 928 ex
557 868 958 930 illis'sed'tameudnaiait
1018 900 1022 911 ι

295 951 341 1012 Ex
357 953 415 1013 illis
429 952 483 1013 luit
497 968 573 1025 une,
587 953 637 1013 sui
651 968 796 1029 gamana
807 953 920 1013 meritis

336 1036 420 1095 Haec
434 1042 512 1107 eret,
528 1036 655 1112 agnovi,
674 1051 753 1115 anae
767 1043 829 1099 stat
842 1037 872 1095 in
893 1051 963 1096 aree
977 1034 1072 1095 lovis.

295 1117 492 1191 Horraeram,
508 1119 662 1193 tacitoque
675 1118 808 1179 animum
828 1120 944 1193 pallore
959 1118 1084 1179 fatebar.

246 1209 281 1262 bo
334 1200 408 1260 Tum
422 1196 496 1275 des,
511 1198 591 1276 duos
605 1201 691 1275 lauit,
705 1202 829 1262 sustulit
838 1203 909 1277 ipsu
918 1209 1031 1265 melre·

295 1283 430 1358 Namque
443 1285 486 1345 ait
495 1284 535 1345 ³0
549 1292 652 1359 uates,
667 1285 796 1351 Romam
811 1285 951 1363 aaudiat
963 1283 1046 1359 nunt

336 1368 421 1427 Ausa
434 1382 491 1442 per
504 1368 634 1444 exiguos
650 1368 889 1444 memorasses
902 1368 1023 1442 modos,

294 1449 345 1510 Ius
359 1449 413 1511 tibi
426 1450 525 1511 leoisti
538 1466 648 1511 numen
664 1451 796 1512 caeleste
809 1451 945 1525 videndi,

335 1525 411 1594 (lum
424 1528 538 1609 placuit
550 1535 684 1597 nunerio
702 1534 838 1596 eandem
852 1536 933 1597 leste
942 1533 1015 1597 luis.

243 1623 277 1678 le
291 1615 335 1676 Ne
348 1623 449 1677 tamen
463 1617 586 1692 ignores
600 1617 745 1693 volgique
759 1633 863 1681 errore
874 1618 1015 1693 trebana,

335 1699 439 1765 lanius
455 1708 593 1763 anostra
607 1701 853 1765 nominenomen
866 1700 974 1775 habet.

293 1783 347 1844 Est
360 1784 474 1858 aliquid
488 1784 725 1860 nupsisselovi,
744 1784 826 1849 Iovis
841 1799 914 1847 esse
927 1794 1076 1846 sororem.

333 1865 436 1929 Fratre
450 1867 561 1941 magis,
576 1866 696 1941 dubito,
711 1866 839 1942 glorier,
853 1868 1023 1928 annevim.

293 1947 326 2011 Si
341 1964 437 2024 genus
456 1951 615 2026 aspioltar,
630 1949 792 2011 Satamum
806 1950 904 2026 priene
916 1958 1072 2029 meatem
1117 1968 1121 1977 ·

242 2040 278 2095 eo
331 2032 418 2093 lisois
449 2032 569 2097 Saturni
584 2049 653 2095 sors
666 2038 725 2108 ego
740 2035 838 2108 prima
853 2035 906 2096 lui.

292 2118 322 2175 A
334 2124 421 2191 patro
433 2116 515 2178 diota
529 2133 597 2179 meo
613 2116 770 2192 quondam
787 2116 928 2181 Saturnia
941 2119 1041 2180 Roma
1054 2124 1119 2179 est:

334 2199 417 2259 Haeo
431 2200 474 2259 illi
488 2216 507 2260 e
521 2201 607 2260 eaelo
622 2201 763 2275 proxima
773 2207 857 2261 terra
867 2201 936 2263 iulia

292 2277 325 2341 Si
340 2287 424 2341 torus
437 2281 469 2341 in
482 2282 582 2358 pretio
594 2291 656 2356 est,
671 2284 758 2344 dicor
772 2291 913 2345 mairona
924 2282 1080 2356 ronanus,
1119 2338 1124 2349 l

334 2364 642 2440 lunataqueTanpeio
657 2366 1027 2445 sanemus-templalorl.
1099 2412 1101 2415 .

240 2453 276 2509 3⁵
289 2446 338 2506 An
354 2447 450 2522 potuit
463 2446 544 2507 Maio
559 2449 650 2524 pelex
664 2451 737 2510 dare
751 2451 874 2511 nomina
887 2450 995 2525 mensi,

333 2528 391 2590 Hie
403 2528 502 2591 honor
514 2529 544 2589 in
559 2531 649 2590 nobis
664 2533 835 2594 invidiosus
850 2536 926 2594 erite

293 2611 352 2674 Cur
365 2613 454 2688 igitur
466 2613 573 2693 regina
584 2628 682 2674 vocor
694 2615 900 2692 princepsque
917 2617 1064 2676 dearum?

331 2697 436 2759 Aurea
448 2711 502 2759 our
515 2696 640 2756 dextrae
654 2704 775 2772 sceptra
788 2697 901 2760 dedere
914 2705 1021 2759 meael

247 2816 251 2825 ·
291 2778 340 2838 An
353 2779 466 2840 laeient
479 2780 615 2840 mensem
628 2781 730 2854 luces,
744 2780 921 2856 Lireinaque
933 2782 973 2843 ab
985 2781 1046 2845 illis

241 2868 277 2923 to
330 2861 435 2935 Dicar,
451 2870 481 2923 et
495 2879 515 2923 a
527 2863 612 2923 nullo
627 2864 750 2925 nomina
769 2880 876 2926 mense
888 2864 1027 2927 sabama

238 2954 249 2989 -’
275 2944 365 3005 'Tum
378 2958 428 3005 me
441 2947 594 3020 paeniteat
607 2948 752 3021 posuisse
765 2948 973 3009 enemim
999 2980 1003 2987 ·

331 3027 366 3087 ln
380 3042 476 3101 genus
489 3029 627 3089 Electrae
638 3031 886 3107 Dardaniamque
899 3031 1032 3093 domum.

292 3108 393 3171 Causa
405 3108 521 3186 duplex
534 3111 607 3173 irae.
634 3122 722 3188 rapto
737 3113 916 3192 Ganymede
927 3114 1086 3179 dolebatur

331 3193 444 3255 Forma
459 3209 583 3270 queque
595 3196 688 3256 idaeo
704 3197 807 3257 iadiee
821 3199 906 3257 viola.
918 3210 990 3258 mea
999 3204 1059 3259 esi.

241 3281 276 3336 lo
288 3275 455 3349 Paeniteat,
472 3278 556 3351 quod
569 3294 631 3338 nen
645 3280 737 3338 ioveo
750 3279 943 3353 omniomnis
959 3290 1058 3353 aloes,

332 3358 405 3419 Cum
421 3376 490 3420 mee
503 3359 563 3420 sint
574 3361 626 3421 illa
642 3376 749 3423 eureus
761 3368 791 3420 et
804 3377 887 3421 arma
901 3362 981 3423 loeo.

290 3438 443 3504 Paeniteat
456 3443 589 3519 Sparten
599 3446 762 3521 Amoque
774 3452 923 3520 meusque
935 3445 1085 3522 Myeenus
