<?xml version="1.0" encoding="UTF-8"?>
<!DOCTYPE html PUBLIC "-//W3C//DTD XHTML 1.0 Transitional//EN"
    "http://www.w3.org/TR/xhtml1/DTD/xhtml1-transitional.dtd">
<html xmlns="http://www.w3.org/1999/xhtml" xml:lang="en" lang="en">
 <head>
  <title>
</title>
<meta http-equiv="Content-Type" content="text/html;charset=utf-8" />
  <meta name='ocr-system' content='tesseract 3.04.00' />
  <meta name='ocr-capabilities' content='ocr_page ocr_carea ocr_par ocr_line ocrx_word'/>
</head>
<body>
  <div class='ocr_page' id='page_1' title='image "./povidiusnaso00merkgoog_0097.png"; bbox 0 0 2598 3812; ppageno 0'>
   <div class='ocr_carea' id='block_1_1' title="bbox 168 183 810 254">
    <p class='ocr_par' dir='ltr' id='par_1_1' title="bbox 168 183 810 254">
     <span class='ocr_line' id='line_1_1' title="bbox 168 183 810 254; baseline -0.02 0"><span class='ocrx_word' id='word_1_1' title='bbox 168 183 214 254; x_wconf 73' lang='lat'><strong>⁸2</strong></span> <span class='ocrx_word' id='word_1_2' title='bbox 559 183 786 250; x_wconf 67' lang='lat' dir='ltr'><strong>eniserunt</strong></span> <span class='ocrx_word' id='word_1_3' title='bbox 804 230 810 241; x_wconf 89' lang='lat'>.</span> 
     </span>
    </p>
   </div>
   <div class='ocr_carea' id='block_1_2' title="bbox 198 335 1162 3169">
    <p class='ocr_par' dir='ltr' id='par_1_2' title="bbox 198 335 1162 3169">
     <span class='ocr_line' id='line_1_2' title="bbox 250 335 1022 418; baseline -0.006 -16"><span class='ocrx_word' id='word_1_4' title='bbox 250 337 313 403; x_wconf 82' lang='lat' dir='ltr'><strong>iiee</strong></span> <span class='ocrx_word' id='word_1_5' title='bbox 328 338 394 402; x_wconf 89' lang='lat' dir='ltr'><strong>iore</strong></span> <span class='ocrx_word' id='word_1_6' title='bbox 408 344 706 418; x_wconf 81' lang='lat' dir='ltr'><strong>perpetunmeperet</strong></span> <span class='ocrx_word' id='word_1_7' title='bbox 715 336 777 399; x_wconf 85' lang='lat' dir='ltr'><strong>sibi</strong></span> <span class='ocrx_word' id='word_1_8' title='bbox 788 335 921 400; x_wconf 85' lang='lat' dir='ltr'><strong>numinis</strong></span> <span class='ocrx_word' id='word_1_9' title='bbox 931 335 1022 414; x_wconf 84' lang='lat' dir='ltr'><strong>irem,</strong></span> 
     </span>
     <span class='ocr_line' id='line_1_3' title="bbox 291 420 963 501; baseline -0.006 -15"><span class='ocrx_word' id='word_1_10' title='bbox 291 420 454 501; x_wconf 51' lang='lat' dir='ltr'><strong>consutum</strong></span> <span class='ocrx_word' id='word_1_11' title='bbox 468 425 499 484; x_wconf 87' lang='lat' dir='ltr'><strong>in</strong></span> <span class='ocrx_word' id='word_1_12' title='bbox 513 423 604 500; x_wconf 79' lang='lat' dir='ltr'><strong>enion</strong></span> <span class='ocrx_word' id='word_1_13' title='bbox 616 436 678 482; x_wconf 91' lang='lat' dir='ltr'><strong>non</strong></span> <span class='ocrx_word' id='word_1_14' title='bbox 692 421 804 482; x_wconf 78' lang='lat' dir='ltr'><strong>seein&#39;e</strong></span> <span class='ocrx_word' id='word_1_15' title='bbox 810 428 963 483; x_wconf 81' lang='lat' dir='ltr'><strong>esse&#39;suo</strong></span> 
     </span>
     <span class='ocr_line' id='line_1_4' title="bbox 249 503 1048 583; baseline -0.006 -14"><span class='ocrx_word' id='word_1_16' title='bbox 249 505 351 583; x_wconf 85' lang='lat' dir='ltr'><strong>Saepe</strong></span> <span class='ocrx_word' id='word_1_17' title='bbox 364 509 469 582; x_wconf 85' lang='lat' dir='ltr'><strong>reiert,</strong></span> <span class='ocrx_word' id='word_1_18' title='bbox 485 508 524 568; x_wconf 88' lang='lat' dir='ltr'><strong>sit</strong></span> <span class='ocrx_word' id='word_1_19' title='bbox 537 513 651 582; x_wconf 82' lang='lat' dir='ltr'><strong>qnente</strong></span> <span class='ocrx_word' id='word_1_20' title='bbox 664 504 715 565; x_wconf 84' lang='lat' dir='ltr'><strong>dei</strong></span> <span class='ocrx_word' id='word_1_21' title='bbox 728 504 901 580; x_wconf 75' lang='lat' dir='ltr'><strong>clementie,</strong></span> <span class='ocrx_word' id='word_1_22' title='bbox 916 503 1002 565; x_wconf 91' lang='lat' dir='ltr'><strong>euius</strong></span> <span class='ocrx_word' id='word_1_23' title='bbox 1044 564 1048 571; x_wconf 77' lang='grc'><em>,</em></span> 
     </span>
     <span class='ocr_line' id='line_1_5' title="bbox 199 587 1011 667; baseline -0.014 -12"><span class='ocrx_word' id='word_1_24' title='bbox 199 600 238 656; x_wconf 74' lang='lat'><strong>2⁰</strong></span> <span class='ocrx_word' id='word_1_25' title='bbox 290 589 332 651; x_wconf 88' lang='lat' dir='ltr'><strong>Se</strong></span> <span class='ocrx_word' id='word_1_26' title='bbox 347 604 470 667; x_wconf 88' lang='lat' dir='ltr'><strong>qnoque</strong></span> <span class='ocrx_word' id='word_1_27' title='bbox 481 590 515 651; x_wconf 92' lang='lat' dir='ltr'><strong>in</strong></span> <span class='ocrx_word' id='word_1_28' title='bbox 529 588 680 665; x_wconf 85' lang='lat' dir='ltr'><strong>exemplis</strong></span> <span class='ocrx_word' id='word_1_29' title='bbox 698 587 896 649; x_wconf 73' lang='lat' dir='ltr'>adnumerare</span> <span class='ocrx_word' id='word_1_30' title='bbox 916 587 1011 647; x_wconf 78' lang='lat' dir='ltr'><strong>soiets</strong></span> 
     </span>
     <span class='ocr_line' id='line_1_6' title="bbox 249 668 1130 750; baseline -0.005 -17"><span class='ocrx_word' id='word_1_31' title='bbox 249 671 340 748; x_wconf 85' lang='lat' dir='ltr'><strong>Num,</strong></span> <span class='ocrx_word' id='word_1_32' title='bbox 356 675 441 748; x_wconf 83' lang='lat' dir='ltr'><strong>qnod</strong></span> <span class='ocrx_word' id='word_1_33' title='bbox 455 678 532 750; x_wconf 76' lang='lat' dir='ltr'><strong>opes</strong></span> <span class='ocrx_word' id='word_1_34' title='bbox 546 679 649 733; x_wconf 85' lang='lat' dir='ltr'><strong>teneat</strong></span> <span class='ocrx_word' id='word_1_35' title='bbox 661 671 789 748; x_wconf 78' lang='lat' dir='ltr'><strong>pentes,</strong></span> <span class='ocrx_word' id='word_1_36' title='bbox 804 671 890 746; x_wconf 85' lang='lat' dir='ltr'><strong>quod</strong></span> <span class='ocrx_word' id='word_1_37' title='bbox 904 669 1028 731; x_wconf 85' lang='lat' dir='ltr'><strong>nomino</strong></span> <span class='ocrx_word' id='word_1_38' title='bbox 1042 668 1130 741; x_wconf 83' lang='lat' dir='ltr'><strong>niuis,</strong></span> 
     </span>
     <span class='ocr_line' id='line_1_7' title="bbox 290 753 998 834; baseline -0.007 -16"><span class='ocrx_word' id='word_1_39' title='bbox 290 757 430 832; x_wconf 85' lang='lat' dir='ltr'><strong>Denique</strong></span> <span class='ocrx_word' id='word_1_40' title='bbox 444 758 529 834; x_wconf 89' lang='lat' dir='ltr'><strong>quod</strong></span> <span class='ocrx_word' id='word_1_41' title='bbox 540 756 640 828; x_wconf 81' lang='lat' dir='ltr'><strong>nivet,</strong></span> <span class='ocrx_word' id='word_1_42' title='bbox 652 770 766 817; x_wconf 88' lang='lat' dir='ltr'><strong>munus</strong></span> <span class='ocrx_word' id='word_1_43' title='bbox 780 754 893 815; x_wconf 82' lang='lat' dir='ltr'><strong>hebere</strong></span> <span class='ocrx_word' id='word_1_44' title='bbox 907 753 966 814; x_wconf 81' lang='lat' dir='ltr'><strong>dei.</strong></span> <span class='ocrx_word' id='word_1_45' title='bbox 995 788 998 797; x_wconf 70' lang='lat'><strong><em>‹</em></strong></span> 
     </span>
     <span class='ocr_line' id='line_1_8' title="bbox 248 837 982 916; baseline -0.005 -14"><span class='ocrx_word' id='word_1_46' title='bbox 248 840 291 902; x_wconf 81' lang='lat' dir='ltr'><strong>Te</strong></span> <span class='ocrx_word' id='word_1_47' title='bbox 303 846 420 916; x_wconf 80' lang='lat' dir='ltr'><strong>tomen,</strong></span> <span class='ocrx_word' id='word_1_48' title='bbox 435 841 496 901; x_wconf 75' lang='lat' dir='ltr'><strong>o&#39;si</strong></span> <span class='ocrx_word' id='word_1_49' title='bbox 508 839 585 916; x_wconf 86' lang='lat' dir='ltr'><strong>quid</strong></span> <span class='ocrx_word' id='word_1_50' title='bbox 600 838 701 899; x_wconf 83' lang='lat' dir='ltr'><strong>eredis</strong></span> <span class='ocrx_word' id='word_1_51' title='bbox 715 837 802 911; x_wconf 83' lang='lat' dir='ltr'><strong>mihi,</strong></span> <span class='ocrx_word' id='word_1_52' title='bbox 817 837 918 898; x_wconf 76' lang='lat' dir='ltr'><strong>omnis</strong></span> <span class='ocrx_word' id='word_1_53' title='bbox 931 837 982 898; x_wconf 87' lang='lat' dir='ltr'><strong>itte</strong></span> 
     </span>
     <span class='ocr_line' id='line_1_9' title="bbox 289 920 1081 1000; baseline -0.013 -15"><span class='ocrx_word' id='word_1_54' title='bbox 289 922 436 985; x_wconf 84' lang='lat' dir='ltr'><strong>Omnibus</strong></span> <span class='ocrx_word' id='word_1_55' title='bbox 450 924 481 984; x_wconf 88' lang='lat' dir='ltr'><strong>in</strong></span> <span class='ocrx_word' id='word_1_56' title='bbox 501 930 562 985; x_wconf 88' lang='lat' dir='ltr'><strong>toto</strong></span> <span class='ocrx_word' id='word_1_57' title='bbox 576 929 702 1000; x_wconf 77' lang='lat' dir='ltr'>pectore</span> <span class='ocrx_word' id='word_1_58' title='bbox 715 937 839 997; x_wconf 82' lang='lat' dir='ltr'><strong>semper</strong></span> <span class='ocrx_word' id='word_1_59' title='bbox 851 920 959 982; x_wconf 64' lang='lat' dir='ltr'><strong>hebete</strong></span> <span class='ocrx_word' id='word_1_60' title='bbox 1076 956 1081 961; x_wconf 88' lang='lat'><em>-</em></span> 
     </span>
     <span class='ocr_line' id='line_1_10' title="bbox 198 1003 1044 1083; baseline -0.006 -13"><span class='ocrx_word' id='word_1_61' title='bbox 198 1015 234 1070; x_wconf 75' lang='lat'><strong>25</strong></span> <span class='ocrx_word' id='word_1_62' title='bbox 246 1006 351 1083; x_wconf 81' lang='lat' dir='ltr'>Teque</span> <span class='ocrx_word' id='word_1_63' title='bbox 362 1005 589 1080; x_wconf 74' lang='lat' dir='ltr'><strong>Menoetiaden,</strong></span> <span class='ocrx_word' id='word_1_64' title='bbox 604 1013 650 1081; x_wconf 90' lang='lat' dir='ltr'><strong>te,</strong></span> <span class='ocrx_word' id='word_1_65' title='bbox 666 1006 717 1082; x_wconf 89' lang='lat' dir='ltr'><strong>qui</strong></span> <span class='ocrx_word' id='word_1_66' title='bbox 732 1005 891 1066; x_wconf 77' lang='lat' dir='ltr'>comitatus</span> <span class='ocrx_word' id='word_1_67' title='bbox 906 1003 1044 1079; x_wconf 82' lang='lat' dir='ltr'><strong>Oresten,</strong></span> 
     </span>
     <span class='ocr_line' id='line_1_11' title="bbox 258 1089 943 1168; baseline -0.006 -16"><span class='ocrx_word' id='word_1_68' title='bbox 258 1112 262 1121; x_wconf 89' lang='grc'><strong><em>·</em></strong></span> <span class='ocrx_word' id='word_1_69' title='bbox 288 1092 332 1152; x_wconf 84' lang='lat' dir='ltr'><strong>Te</strong></span> <span class='ocrx_word' id='word_1_70' title='bbox 347 1097 439 1152; x_wconf 82' lang='lat' dir='ltr'><strong>venet</strong></span> <span class='ocrx_word' id='word_1_71' title='bbox 451 1091 589 1167; x_wconf 75' lang='lat' dir='ltr'><strong>Aegiden</strong></span> <span class='ocrx_word' id='word_1_72' title='bbox 602 1089 830 1168; x_wconf 73' lang='lat' dir='ltr'><strong>Euryalumque</strong></span> <span class='ocrx_word' id='word_1_73' title='bbox 844 1104 943 1149; x_wconf 86' lang='lat' dir='ltr'><strong>suum</strong></span> 
     </span>
     <span class='ocr_line' id='line_1_12' title="bbox 248 1171 1035 1250; baseline -0.001 -16"><span class='ocrx_word' id='word_1_74' title='bbox 248 1171 312 1234; x_wconf 84' lang='lat' dir='ltr'><strong>Nee</strong></span> <span class='ocrx_word' id='word_1_75' title='bbox 326 1176 452 1250; x_wconf 84' lang='lat' dir='ltr'><strong>petrium</strong></span> <span class='ocrx_word' id='word_1_76' title='bbox 466 1174 563 1250; x_wconf 70' lang='lat' dir='ltr'><strong>magis</strong></span> <span class='ocrx_word' id='word_1_77' title='bbox 578 1173 629 1233; x_wconf 89' lang='lat' dir='ltr'><strong>iiie</strong></span> <span class='ocrx_word' id='word_1_78' title='bbox 638 1176 729 1233; x_wconf 80' lang='lat' dir='ltr'><strong>suem</strong></span> <span class='ocrx_word' id='word_1_79' title='bbox 744 1172 899 1233; x_wconf 84' lang='lat' dir='ltr'><strong>desideret</strong></span> <span class='ocrx_word' id='word_1_80' title='bbox 911 1178 942 1233; x_wconf 94' lang='lat' dir='ltr'><strong>et</strong></span> <span class='ocrx_word' id='word_1_81' title='bbox 956 1184 1035 1248; x_wconf 82' lang='lat' dir='ltr'><strong>quse</strong></span> 
     </span>
     <span class='ocr_line' id='line_1_13' title="bbox 287 1255 930 1334; baseline -0.003 -16"><span class='ocrx_word' id='word_1_82' title='bbox 287 1256 419 1318; x_wconf 87' lang='lat' dir='ltr'><strong>Plurime</strong></span> <span class='ocrx_word' id='word_1_83' title='bbox 432 1273 500 1319; x_wconf 85' lang='lat' dir='ltr'><strong>eum</strong></span> <span class='ocrx_word' id='word_1_84' title='bbox 516 1257 617 1334; x_wconf 81' lang='lat' dir='ltr'><strong>petrin</strong></span> <span class='ocrx_word' id='word_1_85' title='bbox 629 1256 723 1317; x_wconf 83' lang='lat' dir='ltr'><strong>sentit</strong></span> <span class='ocrx_word' id='word_1_86' title='bbox 735 1255 847 1317; x_wconf 80' lang='lat' dir='ltr'><strong>obesse</strong></span> <span class='ocrx_word' id='word_1_87' title='bbox 862 1255 930 1330; x_wconf 89' lang='lat' dir='ltr'><strong>sibi,</strong></span> 
     </span>
     <span class='ocr_line' id='line_1_14' title="bbox 250 1338 975 1415; baseline 0 -16"><span class='ocrx_word' id='word_1_88' title='bbox 250 1340 345 1415; x_wconf 78' lang='lat' dir='ltr'><strong>Quem</strong></span> <span class='ocrx_word' id='word_1_89' title='bbox 359 1344 462 1403; x_wconf 85' lang='lat' dir='ltr'><strong>vuitus</strong></span> <span class='ocrx_word' id='word_1_90' title='bbox 476 1341 646 1415; x_wconf 83' lang='lat' dir='ltr'><strong>uentosque</strong></span> <span class='ocrx_word' id='word_1_91' title='bbox 658 1346 744 1415; x_wconf 89' lang='lat' dir='ltr'><strong>tuos,</strong></span> <span class='ocrx_word' id='word_1_92' title='bbox 760 1339 911 1400; x_wconf 74' lang='lat' dir='ltr'><strong>o&#39;duleior</strong></span> <span class='ocrx_word' id='word_1_93' title='bbox 923 1338 975 1399; x_wconf 90' lang='lat' dir='ltr'><strong>iiie</strong></span> 
     </span>
     <span class='ocr_line' id='line_1_15' title="bbox 200 1421 943 1500; baseline 0 -19"><span class='ocrx_word' id='word_1_94' title='bbox 200 1423 237 1481; x_wconf 78' lang='lat'><strong>³0</strong></span> <span class='ocrx_word' id='word_1_95' title='bbox 289 1423 389 1499; x_wconf 82' lang='lat' dir='ltr'><strong>Melie,</strong></span> <span class='ocrx_word' id='word_1_96' title='bbox 411 1424 496 1499; x_wconf 87' lang='lat' dir='ltr'><strong>quod</strong></span> <span class='ocrx_word' id='word_1_97' title='bbox 508 1425 539 1484; x_wconf 92' lang='lat' dir='ltr'><strong>in</strong></span> <span class='ocrx_word' id='word_1_98' title='bbox 553 1423 747 1485; x_wconf 82' lang='lat' dir='ltr'><strong>oeris&#39;Attiee</strong></span> <span class='ocrx_word' id='word_1_99' title='bbox 760 1422 847 1500; x_wconf 87' lang='lat' dir='ltr'><strong>ponit</strong></span> <span class='ocrx_word' id='word_1_100' title='bbox 863 1421 943 1499; x_wconf 73' lang='lat' dir='ltr'><strong>epis.</strong></span> 
     </span>
     <span class='ocr_line' id='line_1_16' title="bbox 249 1503 1056 1584; baseline 0 -17"><span class='ocrx_word' id='word_1_101' title='bbox 249 1504 352 1582; x_wconf 83' lang='lat' dir='ltr'><strong>Se&#39;epe</strong></span> <span class='ocrx_word' id='word_1_102' title='bbox 366 1506 456 1567; x_wconf 81' lang='lat' dir='ltr'><strong>etiam</strong></span> <span class='ocrx_word' id='word_1_103' title='bbox 470 1520 609 1568; x_wconf 83' lang='lat' dir='ltr'><strong>maerens</strong></span> <span class='ocrx_word' id='word_1_104' title='bbox 625 1513 744 1584; x_wconf 84' lang='lat' dir='ltr'><strong>tempus</strong></span> <span class='ocrx_word' id='word_1_105' title='bbox 757 1505 959 1567; x_wconf 69' lang='lat' dir='ltr'><strong>reminiscitur</strong></span> <span class='ocrx_word' id='word_1_106' title='bbox 971 1503 1056 1579; x_wconf 79' lang='lat' dir='ltr'><strong>nint,</strong></span> 
     </span>
     <span class='ocr_line' id='line_1_17' title="bbox 290 1587 999 1667; baseline -0.003 -16"><span class='ocrx_word' id='word_1_107' title='bbox 290 1587 379 1664; x_wconf 78' lang='lat' dir='ltr'><strong>Quod</strong></span> <span class='ocrx_word' id='word_1_108' title='bbox 393 1606 454 1651; x_wconf 91' lang='lat' dir='ltr'><strong>non</strong></span> <span class='ocrx_word' id='word_1_109' title='bbox 468 1597 666 1667; x_wconf 79' lang='lat' dir='ltr'><strong>praeventum</strong></span> <span class='ocrx_word' id='word_1_110' title='bbox 678 1597 776 1652; x_wconf 90' lang='lat' dir='ltr'><strong>morte</strong></span> <span class='ocrx_word' id='word_1_111' title='bbox 790 1587 999 1651; x_wconf 64' lang='lat' dir='ltr'><strong>inisse-dolete</strong></span> 
     </span>
     <span class='ocr_line' id='line_1_18' title="bbox 249 1671 1014 1750; baseline 0.005 -18"><span class='ocrx_word' id='word_1_112' title='bbox 249 1671 386 1750; x_wconf 81' lang='lat' dir='ltr'><strong>Cumque</strong></span> <span class='ocrx_word' id='word_1_113' title='bbox 404 1674 455 1734; x_wconf 85' lang='lat' dir='ltr'><strong>etii</strong></span> <span class='ocrx_word' id='word_1_114' title='bbox 469 1674 608 1750; x_wconf 80' lang='lat' dir='ltr'><strong>ingerent</strong></span> <span class='ocrx_word' id='word_1_115' title='bbox 621 1673 739 1735; x_wconf 75' lang='lat' dir='ltr'><strong>subitae</strong></span> <span class='ocrx_word' id='word_1_116' title='bbox 753 1672 893 1749; x_wconf 75' lang='lat' dir='ltr'><strong>contagia</strong></span> <span class='ocrx_word' id='word_1_117' title='bbox 906 1672 1014 1748; x_wconf 78' lang='lat' dir='ltr'><strong>eludis,</strong></span> 
     </span>
     <span class='ocr_line' id='line_1_19' title="bbox 290 1755 956 1829; baseline 0.002 -13"><span class='ocrx_word' id='word_1_118' title='bbox 290 1755 480 1818; x_wconf 81' lang='lat' dir='ltr'><strong>tteevettent</strong></span> <span class='ocrx_word' id='word_1_119' title='bbox 492 1758 570 1818; x_wconf 85' lang='lat' dir='ltr'><strong>iotne</strong></span> <span class='ocrx_word' id='word_1_120' title='bbox 583 1757 674 1818; x_wconf 90' lang='lat' dir='ltr'><strong>limen</strong></span> <span class='ocrx_word' id='word_1_121' title='bbox 688 1757 907 1829; x_wconf 74' lang='lat' dir='ltr'><strong>odire&#39;domus,</strong></span> <span class='ocrx_word' id='word_1_122' title='bbox 953 1784 956 1791; x_wconf 89' lang='grc'><em>·</em></span> 
     </span>
     <span class='ocr_line' id='line_1_20' title="bbox 199 1838 1018 1917; baseline 0.005 -22"><span class='ocrx_word' id='word_1_123' title='bbox 199 1838 235 1895; x_wconf 76' lang='lat' dir='ltr'><strong>m</strong></span> <span class='ocrx_word' id='word_1_124' title='bbox 248 1838 290 1900; x_wconf 89' lang='lat' dir='ltr'><strong>Te</strong></span> <span class='ocrx_word' id='word_1_125' title='bbox 304 1838 361 1900; x_wconf 89' lang='lat' dir='ltr'><strong>sibi</strong></span> <span class='ocrx_word' id='word_1_126' title='bbox 376 1856 445 1902; x_wconf 89' lang='lat' dir='ltr'><strong>eum</strong></span> <span class='ocrx_word' id='word_1_127' title='bbox 457 1841 564 1917; x_wconf 81' lang='lat' dir='ltr'><strong>pennis</strong></span> <span class='ocrx_word' id='word_1_128' title='bbox 578 1841 711 1901; x_wconf 87' lang='lat' dir='ltr'><strong>meminit</strong></span> <span class='ocrx_word' id='word_1_129' title='bbox 718 1840 875 1901; x_wconf 80' lang='lat' dir='ltr'><strong>mansisse</strong></span> <span class='ocrx_word' id='word_1_130' title='bbox 888 1839 1018 1915; x_wconf 82' lang='lat' dir='ltr'><strong>fidetem,</strong></span> 
     </span>
     <span class='ocr_line' id='line_1_21' title="bbox 292 1921 1068 2000; baseline 0.001 -17"><span class='ocrx_word' id='word_1_131' title='bbox 292 1921 325 1983; x_wconf 91' lang='lat' dir='ltr'><strong>Si</strong></span> <span class='ocrx_word' id='word_1_132' title='bbox 338 1939 457 2000; x_wconf 79' lang='lat' dir='ltr'><strong>peneus</strong></span> <span class='ocrx_word' id='word_1_133' title='bbox 471 1923 582 1999; x_wconf 83' lang='lat' dir='ltr'><strong>aliquis</strong></span> <span class='ocrx_word' id='word_1_134' title='bbox 596 1932 698 1984; x_wconf 89' lang='lat' dir='ltr'><strong>tresve</strong></span> <span class='ocrx_word' id='word_1_135' title='bbox 711 1924 831 1986; x_wconf 88' lang='lat' dir='ltr'><strong>duosve</strong></span> <span class='ocrx_word' id='word_1_136' title='bbox 844 1931 944 1985; x_wconf 71' lang='lat' dir='ltr'><strong>venet</strong></span> <span class='ocrx_word' id='word_1_137' title='bbox 992 1932 996 1937; x_wconf 84' lang='grc'><strong><em>·</em></strong></span> <span class='ocrx_word' id='word_1_138' title='bbox 1064 1932 1068 1937; x_wconf 76' lang='grc'><em>“</em></span> 
     </span>
     <span class='ocr_line' id='line_1_22' title="bbox 249 2004 1043 2083; baseline 0.004 -18"><span class='ocrx_word' id='word_1_139' title='bbox 249 2004 395 2080; x_wconf 81' lang='lat' dir='ltr'><strong>Quamuis</strong></span> <span class='ocrx_word' id='word_1_140' title='bbox 410 2008 568 2081; x_wconf 81' lang='lat' dir='ltr'><strong>attonitus,</strong></span> <span class='ocrx_word' id='word_1_141' title='bbox 579 2008 682 2069; x_wconf 74' lang='lat' dir='ltr'><strong>sensit</strong></span> <span class='ocrx_word' id='word_1_142' title='bbox 694 2014 794 2068; x_wconf 87' lang='lat' dir='ltr'><strong>temen</strong></span> <span class='ocrx_word' id='word_1_143' title='bbox 809 2008 927 2083; x_wconf 86' lang='lat' dir='ltr'><strong>omniu,</strong></span> <span class='ocrx_word' id='word_1_144' title='bbox 941 2021 999 2069; x_wconf 83' lang='lat' dir='ltr'><strong>nee</strong></span> <span class='ocrx_word' id='word_1_145' title='bbox 1011 2012 1043 2068; x_wconf 83' lang='lat' dir='ltr'><strong>te</strong></span> 
     </span>
     <span class='ocr_line' id='line_1_23' title="bbox 290 2087 1162 2151; baseline 0.003 -2"><span class='ocrx_word' id='word_1_146' title='bbox 290 2087 332 2150; x_wconf 87' lang='lat' dir='ltr'><strong>Se</strong></span> <span class='ocrx_word' id='word_1_147' title='bbox 345 2090 445 2150; x_wconf 90' lang='lat' dir='ltr'><strong>minus</strong></span> <span class='ocrx_word' id='word_1_148' title='bbox 460 2090 600 2150; x_wconf 83' lang='lat' dir='ltr'><strong>adversis</strong></span> <span class='ocrx_word' id='word_1_149' title='bbox 613 2090 781 2151; x_wconf 80' lang='lat' dir='ltr'><strong>indoluisse</strong></span> <span class='ocrx_word' id='word_1_150' title='bbox 796 2091 871 2151; x_wconf 87' lang='lat' dir='ltr'><strong>suis.</strong></span> <span class='ocrx_word' id='word_1_151' title='bbox 1159 2096 1162 2101; x_wconf 74' lang='grc'>“</span> 
     </span>
     <span class='ocr_line' id='line_1_24' title="bbox 247 2170 1120 2251; baseline -0.001 -21"><span class='ocrx_word' id='word_1_152' title='bbox 247 2170 352 2232; x_wconf 82' lang='lat' dir='ltr'><strong>verbu</strong></span> <span class='ocrx_word' id='word_1_153' title='bbox 365 2175 632 2249; x_wconf 67' lang='lat' dir='ltr'><strong>sententiamque</strong></span> <span class='ocrx_word' id='word_1_154' title='bbox 644 2181 728 2235; x_wconf 91' lang='lat' dir='ltr'><strong>tunm</strong></span> <span class='ocrx_word' id='word_1_155' title='bbox 740 2174 932 2251; x_wconf 80' lang='lat' dir='ltr'><strong>gemitusque</strong></span> <span class='ocrx_word' id='word_1_156' title='bbox 943 2173 1067 2249; x_wconf 80' lang='lat' dir='ltr'><strong>referre,</strong></span> <span class='ocrx_word' id='word_1_157' title='bbox 1111 2220 1120 2229; x_wconf 82' lang='grc'>.</span> 
     </span>
     <span class='ocr_line' id='line_1_25' title="bbox 200 2254 888 2327; baseline -0.007 -8"><span class='ocrx_word' id='word_1_158' title='bbox 200 2265 236 2319; x_wconf 78' lang='lat' dir='ltr'><strong>to</strong></span> <span class='ocrx_word' id='word_1_159' title='bbox 287 2254 325 2315; x_wconf 85' lang='lat' dir='ltr'><strong>Et</strong></span> <span class='ocrx_word' id='word_1_160' title='bbox 338 2262 368 2317; x_wconf 91' lang='lat' dir='ltr'><strong>te</strong></span> <span class='ocrx_word' id='word_1_161' title='bbox 383 2256 475 2319; x_wconf 87' lang='lat' dir='ltr'><strong>flente</strong></span> <span class='ocrx_word' id='word_1_162' title='bbox 490 2264 565 2317; x_wconf 86' lang='lat' dir='ltr'><strong>suos</strong></span> <span class='ocrx_word' id='word_1_163' title='bbox 579 2257 775 2327; x_wconf 75' lang='lat' dir='ltr'><strong>dementiisse</strong></span> <span class='ocrx_word' id='word_1_164' title='bbox 789 2258 888 2318; x_wconf 76' lang='lat' dir='ltr'><strong>sinum</strong></span> 
     </span>
     <span class='ocr_line' id='line_1_26' title="bbox 244 2336 1047 2416; baseline 0.005 -18"><span class='ocrx_word' id='word_1_165' title='bbox 244 2336 346 2412; x_wconf 80' lang='lat' dir='ltr'><strong>&#39;Quum</strong></span> <span class='ocrx_word' id='word_1_166' title='bbox 361 2337 418 2399; x_wconf 85' lang='lat' dir='ltr'><strong>eibi</strong></span> <span class='ocrx_word' id='word_1_167' title='bbox 433 2340 637 2416; x_wconf 70' lang='lat' dir='ltr'><strong>praestiteris,</strong></span> <span class='ocrx_word' id='word_1_168' title='bbox 653 2356 713 2415; x_wconf 86' lang='lat' dir='ltr'><strong>qun</strong></span> <span class='ocrx_word' id='word_1_169' title='bbox 725 2341 903 2402; x_wconf 87' lang='lat' dir='ltr'><strong>eoneoiatus</strong></span> <span class='ocrx_word' id='word_1_170' title='bbox 917 2341 1047 2402; x_wconf 81' lang='lat' dir='ltr'><strong>emitum</strong></span> 
     </span>
     <span class='ocr_line' id='line_1_27' title="bbox 243 2420 990 2498; baseline 0.001 -16"><span class='ocrx_word' id='word_1_171' title='bbox 243 2430 253 2463; x_wconf 68' lang='lat' dir='ltr'><strong>t</strong></span> <span class='ocrx_word' id='word_1_172' title='bbox 286 2420 337 2483; x_wconf 88' lang='lat' dir='ltr'><strong>Sis</strong></span> <span class='ocrx_word' id='word_1_173' title='bbox 352 2438 428 2498; x_wconf 83' lang='lat' dir='ltr'><strong>ope,</strong></span> <span class='ocrx_word' id='word_1_174' title='bbox 442 2423 594 2483; x_wconf 77' lang='lat' dir='ltr'><strong>solentius</strong></span> <span class='ocrx_word' id='word_1_175' title='bbox 607 2438 675 2485; x_wconf 87' lang='lat' dir='ltr'><strong>enm</strong></span> <span class='ocrx_word' id='word_1_176' title='bbox 689 2423 779 2484; x_wconf 88' lang='lat' dir='ltr'><strong>simui</strong></span> <span class='ocrx_word' id='word_1_177' title='bbox 792 2423 861 2498; x_wconf 84' lang='lat' dir='ltr'><strong>ipse</strong></span> <span class='ocrx_word' id='word_1_178' title='bbox 874 2425 967 2485; x_wconf 87' lang='lat' dir='ltr'><strong>iores.</strong></span> <span class='ocrx_word' id='word_1_179' title='bbox 988 2476 990 2483; x_wconf 93' lang='lat'><em>.</em></span> 
     </span>
     <span class='ocr_line' id='line_1_28' title="bbox 247 2503 1149 2583; baseline 0.008 -19"><span class='ocrx_word' id='word_1_180' title='bbox 247 2503 305 2565; x_wconf 80' lang='lat' dir='ltr'><strong>Pro</strong></span> <span class='ocrx_word' id='word_1_181' title='bbox 320 2505 610 2582; x_wconf 78' lang='lat' dir='ltr'><strong>quibus,.eiiirmat,</strong></span> <span class='ocrx_word' id='word_1_182' title='bbox 625 2507 691 2567; x_wconf 83' lang='lat' dir='ltr'><strong>iore</strong></span> <span class='ocrx_word' id='word_1_183' title='bbox 706 2523 742 2567; x_wconf 90' lang='lat' dir='ltr'><strong>se</strong></span> <span class='ocrx_word' id='word_1_184' title='bbox 755 2522 982 2583; x_wconf 87' lang='lat' dir='ltr'><strong>memoremque</strong></span> <span class='ocrx_word' id='word_1_185' title='bbox 995 2507 1149 2583; x_wconf 80' lang='lat' dir='ltr'><strong>piumque,</strong></span> 
     </span>
     <span class='ocr_line' id='line_1_29' title="bbox 291 2587 963 2666; baseline 0.009 -17"><span class='ocrx_word' id='word_1_186' title='bbox 291 2587 370 2649; x_wconf 85' lang='lat' dir='ltr'><strong>Siue</strong></span> <span class='ocrx_word' id='word_1_187' title='bbox 378 2589 464 2651; x_wconf 83' lang='lat' dir='ltr'><strong>diem</strong></span> <span class='ocrx_word' id='word_1_188' title='bbox 474 2590 586 2665; x_wconf 85' lang='lat' dir='ltr'><strong>videet,</strong></span> <span class='ocrx_word' id='word_1_189' title='bbox 605 2592 672 2651; x_wconf 85' lang='lat' dir='ltr'><strong>sive</strong></span> <span class='ocrx_word' id='word_1_190' title='bbox 685 2597 804 2666; x_wconf 84' lang='lat' dir='ltr'><strong>tegetur</strong></span> <span class='ocrx_word' id='word_1_191' title='bbox 817 2589 924 2651; x_wconf 71' lang='lat' dir='ltr'><strong>humo:</strong></span> <span class='ocrx_word' id='word_1_192' title='bbox 959 2648 963 2655; x_wconf 89' lang='lat'>.</span> 
     </span>
     <span class='ocr_line' id='line_1_30' title="bbox 200 2671 1090 2750; baseline -0.001 -16"><span class='ocrx_word' id='word_1_193' title='bbox 200 2681 234 2734; x_wconf 79' lang='lat' dir='ltr'><strong>tn</strong></span> <span class='ocrx_word' id='word_1_194' title='bbox 248 2671 306 2732; x_wconf 87' lang='lat' dir='ltr'><strong>Per</strong></span> <span class='ocrx_word' id='word_1_195' title='bbox 320 2681 413 2749; x_wconf 84' lang='lat' dir='ltr'><strong>ceput</strong></span> <span class='ocrx_word' id='word_1_196' title='bbox 426 2674 495 2750; x_wconf 78' lang='lat' dir='ltr'><strong>ipse</strong></span> <span class='ocrx_word' id='word_1_197' title='bbox 504 2690 598 2734; x_wconf 82' lang='lat' dir='ltr'><strong>snum</strong></span> <span class='ocrx_word' id='word_1_198' title='bbox 612 2676 719 2737; x_wconf 87' lang='lat' dir='ltr'><strong>solitus</strong></span> <span class='ocrx_word' id='word_1_199' title='bbox 734 2675 834 2735; x_wconf 85' lang='lat' dir='ltr'><strong>iurare</strong></span> <span class='ocrx_word' id='word_1_200' title='bbox 847 2680 1001 2749; x_wconf 89' lang='lat' dir='ltr'><strong>tuumque,</strong></span> <span class='ocrx_word' id='word_1_201' title='bbox 1084 2688 1090 2695; x_wconf 76' lang='grc'><strong>’</strong></span> 
     </span>
     <span class='ocr_line' id='line_1_31' title="bbox 291 2756 1067 2841; baseline 0 -23"><span class='ocrx_word' id='word_1_202' title='bbox 291 2756 381 2830; x_wconf 80' lang='lat' dir='ltr'><strong>Quod</strong></span> <span class='ocrx_word' id='word_1_203' title='bbox 395 2757 461 2819; x_wconf 89' lang='lat' dir='ltr'><strong>seio</strong></span> <span class='ocrx_word' id='word_1_204' title='bbox 476 2772 537 2831; x_wconf 84' lang='lat' dir='ltr'><strong>non</strong></span> <span class='ocrx_word' id='word_1_205' title='bbox 553 2756 595 2819; x_wconf 87' lang='lat' dir='ltr'><strong>iiii</strong></span> <span class='ocrx_word' id='word_1_206' title='bbox 608 2759 786 2820; x_wconf 84' lang='lat' dir='ltr'><strong>vitiusesse</strong></span> <span class='ocrx_word' id='word_1_207' title='bbox 800 2773 868 2841; x_wconf 88' lang='lat' dir='ltr'><strong>sue.</strong></span> <span class='ocrx_word' id='word_1_208' title='bbox 894 2802 898 2809; x_wconf 82' lang='lat'><em>.</em></span> <span class='ocrx_word' id='word_1_209' title='bbox 948 2790 951 2799; x_wconf 85' lang='lat'><strong>·</strong></span> <span class='ocrx_word' id='word_1_210' title='bbox 1064 2768 1067 2774; x_wconf 89' lang='grc'><em>·</em></span> 
     </span>
     <span class='ocr_line' id='line_1_32' title="bbox 248 2836 947 2917; baseline 0.007 -21"><span class='ocrx_word' id='word_1_211' title='bbox 248 2836 342 2899; x_wconf 84' lang='lat' dir='ltr'><strong>Plenu</strong></span> <span class='ocrx_word' id='word_1_212' title='bbox 354 2845 449 2900; x_wconf 71' lang='lat' dir='ltr'><strong>totto</strong></span> <span class='ocrx_word' id='word_1_213' title='bbox 462 2840 557 2901; x_wconf 80' lang='lat' dir='ltr'><strong>tantis</strong></span> <span class='ocrx_word' id='word_1_214' title='bbox 567 2843 713 2903; x_wconf 81' lang='lat' dir='ltr'><strong>referetur</strong></span> <span class='ocrx_word' id='word_1_215' title='bbox 726 2841 825 2917; x_wconf 77' lang='lat' dir='ltr'><strong>gratia</strong></span> <span class='ocrx_word' id='word_1_216' title='bbox 838 2841 947 2914; x_wconf 47' lang='lat' dir='ltr'><strong>tenue,</strong></span> 
     </span>
     <span class='ocr_line' id='line_1_33' title="bbox 290 2921 1121 3001; baseline 0.005 -20"><span class='ocrx_word' id='word_1_217' title='bbox 290 2921 914 3001; x_wconf 66' lang='lat' dir='ltr'><strong>lieesinetiiietnnslitnsttrnretmnes.¹</strong></span> <span class='ocrx_word' id='word_1_218' title='bbox 1118 2964 1121 2973; x_wconf 71' lang='lat'>‚</span> 
     </span>
     <span class='ocr_line' id='line_1_34' title="bbox 248 3001 1110 3086; baseline 0.006 -24"><span class='ocrx_word' id='word_1_219' title='bbox 248 3001 433 3079; x_wconf 79' lang='lat' dir='ltr'><strong>Feomodo,</strong></span> <span class='ocrx_word' id='word_1_220' title='bbox 449 3012 624 3070; x_wconf 80' lang='lat' dir='ltr'><strong>constanter</strong></span> <span class='ocrx_word' id='word_1_221' title='bbox 636 3010 798 3086; x_wconf 76' lang='lat' dir='ltr'><strong>profugum</strong></span> <span class='ocrx_word' id='word_1_222' title='bbox 811 3012 937 3069; x_wconf 81' lang='lat' dir='ltr'><strong>mearet.</strong></span> <span class='ocrx_word' id='word_1_223' title='bbox 953 3005 1035 3082; x_wconf 86' lang='lat' dir='ltr'><strong>quoti</strong></span> <span class='ocrx_word' id='word_1_224' title='bbox 1051 3003 1110 3079; x_wconf 86' lang='lat' dir='ltr'><strong>itte,</strong></span> 
     </span>
     <span class='ocr_line' id='line_1_35' title="bbox 200 3086 997 3169; baseline 0.008 -23"><span class='ocrx_word' id='word_1_225' title='bbox 200 3094 236 3146; x_wconf 80' lang='lat'><strong>50</strong></span> <span class='ocrx_word' id='word_1_226' title='bbox 290 3086 347 3162; x_wconf 76' lang='lat' dir='ltr'><strong>Qui</strong></span> <span class='ocrx_word' id='word_1_227' title='bbox 361 3087 441 3149; x_wconf 90' lang='lat' dir='ltr'><strong>bene</strong></span> <span class='ocrx_word' id='word_1_228' title='bbox 454 3095 485 3149; x_wconf 88' lang='lat' dir='ltr'><strong>te</strong></span> <span class='ocrx_word' id='word_1_229' title='bbox 498 3090 597 3169; x_wconf 87' lang='lat' dir='ltr'><strong>novit,</strong></span> <span class='ocrx_word' id='word_1_230' title='bbox 612 3097 784 3169; x_wconf 78' lang='lat' dir='ltr'><strong>nonroget</strong></span> <span class='ocrx_word' id='word_1_231' title='bbox 819 3090 997 3167; x_wconf 61' lang='lat' dir='ltr'><strong>ipsorogn:</strong></span> 
     </span>
    </p>
   </div>
   <div class='ocr_carea' id='block_1_3' title="bbox 185 3212 1130 3503">
    <p class='ocr_par' dir='ltr' id='par_1_3' title="bbox 185 3212 1130 3503">
     <span class='ocr_line' id='line_1_36' title="bbox 185 3212 1014 3320; baseline 0.01 -9"><span class='ocrx_word' id='word_1_232' title='bbox 185 3217 229 3317; x_wconf 67' lang='grc'><strong>5.</strong></span> <span class='ocrx_word' id='word_1_233' title='bbox 250 3218 382 3318; x_wconf 69' lang='lat' dir='ltr'><strong>Annuus</strong></span> <span class='ocrx_word' id='word_1_234' title='bbox 397 3220 553 3319; x_wconf 78' lang='lat' dir='ltr'><strong>assuetum</strong></span> <span class='ocrx_word' id='word_1_235' title='bbox 567 3259 709 3319; x_wconf 83' lang='lat' dir='ltr'><strong>dominae</strong></span> <span class='ocrx_word' id='word_1_236' title='bbox 721 3228 992 3320; x_wconf 79' lang='lat' dir='ltr'><strong>netniiehono&#39;rem</strong></span> <span class='ocrx_word' id='word_1_237' title='bbox 1012 3212 1014 3221; x_wconf 25' lang='grc' dir='ltr'>Ι</span> 
     </span>
     <span class='ocr_line' id='line_1_37' title="bbox 291 3339 1130 3418; baseline -0.001 -18"><span class='ocrx_word' id='word_1_238' title='bbox 291 3339 401 3416; x_wconf 81' lang='lat' dir='ltr'><strong>Exigit.</strong></span> <span class='ocrx_word' id='word_1_239' title='bbox 432 3341 472 3401; x_wconf 91' lang='lat' dir='ltr'><strong>ite</strong></span> <span class='ocrx_word' id='word_1_240' title='bbox 486 3356 593 3403; x_wconf 84' lang='lat' dir='ltr'><strong>manus</strong></span> <span class='ocrx_word' id='word_1_241' title='bbox 604 3343 645 3402; x_wconf 85' lang='lat' dir='ltr'><strong>ad</strong></span> <span class='ocrx_word' id='word_1_242' title='bbox 657 3342 709 3418; x_wconf 86' lang='lat' dir='ltr'><strong>pie</strong></span> <span class='ocrx_word' id='word_1_243' title='bbox 723 3356 813 3402; x_wconf 82' lang='lat' dir='ltr'><strong>seem</strong></span> <span class='ocrx_word' id='word_1_244' title='bbox 825 3357 922 3402; x_wconf 84' lang='lat' dir='ltr'><strong>mene.</strong></span> <span class='ocrx_word' id='word_1_245' title='bbox 1039 3390 1041 3399; x_wconf 94' lang='lat'><em>.</em></span> <span class='ocrx_word' id='word_1_246' title='bbox 1127 3392 1130 3399; x_wconf 93' lang='lat'><em>.</em></span> 
     </span>
     <span class='ocr_line' id='line_1_38' title="bbox 250 3421 1041 3503; baseline 0.009 -22"><span class='ocrx_word' id='word_1_247' title='bbox 250 3421 301 3483; x_wconf 80' lang='lat' dir='ltr'><strong>Sin</strong></span> <span class='ocrx_word' id='word_1_248' title='bbox 316 3425 471 3503; x_wconf 82' lang='lat' dir='ltr'><strong>quondum</strong></span> <span class='ocrx_word' id='word_1_249' title='bbox 485 3424 595 3486; x_wconf 81' lang='lat' dir='ltr'><strong>testum</strong></span> <span class='ocrx_word' id='word_1_250' title='bbox 609 3424 745 3488; x_wconf 75' lang='lat' dir='ltr'><strong>Laertius</strong></span> <span class='ocrx_word' id='word_1_251' title='bbox 760 3432 864 3501; x_wconf 76' lang='lat' dir='ltr'><strong>egeret</strong></span> <span class='ocrx_word' id='word_1_252' title='bbox 876 3425 969 3496; x_wconf 85' lang='lat' dir='ltr'><strong>heres</strong></span> <span class='ocrx_word' id='word_1_253' title='bbox 1038 3444 1041 3451; x_wconf 76' lang='grc'><strong><em>’</em></strong></span> 
     </span>
    </p>
   </div>
   <div class='ocr_carea' id='block_1_4' title="bbox 0 0 1308 3812">
    <p class='ocr_par' dir='ltr' id='par_1_4' title="bbox 0 0 1308 3812">
     <span class='ocr_line' id='line_1_39' title="bbox 0 0 1308 3812; baseline 0 0"><span class='ocrx_word' id='word_1_254' title='bbox 0 0 1308 3812; x_wconf 95' lang='lat' dir='ltr'><strong> </strong></span> 
     </span>
    </p>
   </div>
  </div>
 </body>
</html>
